@inproceedings{swan,
    author = {Hong, Chi-Yao and Kandula, Srikanth and Mahajan, Ratul and Zhang, Ming and Gill, Vijay and Nanduri, Mohan and Wattenhofer, Roger},
    title = {{{A}chieving {H}igh {U}tilization with {S}oftware-driven {W}AN}},
    booktitle = {SIGCOMM},
    year = {2013},
}

@INPROCEEDINGS{pie, 
    author={Rong Pan and Natarajan, P. and Piglione, C. and Prabhu, M.S. and Subramanian, V. and Baker, F. and VerSteeg, B.}, 
    booktitle={HPSR}, 
    title={{PIE: A lightweight control scheme to address the bufferbloat problem}}, 
    year={2013}, 
}

@inproceedings{Jacobson88,
    author = "Jacobson, V.",
    title = {{Congestion Avoidance and Control}},
    booktitle = {SIGCOMM},
    year = 1988,
}

@article{iperf,
    title={{Iperf: The TCP/UDP Bandwidth Measurement Tool}},
    author={Tirumala, Ajay and Qin, Feng and Dugan, Jon and Ferguson, Jim and Gibbs, Kevin},
    journal={http://dast.nlanr.net/Projects},
    year={2005}
}

@article{illinois,
    title={{TCP-Illinois: A loss-and delay-based congestion control algorithm for high-speed networks}},
    author={Liu, Shao and Ba{\c{s}}ar, Tamer and Srikant, Ravi},
    journal={Performance Evaluation},
    volume={65},
    number={6},
    pages={417--440},
    year={2008},
    publisher={Elsevier}
}

@techreport{packettrain,
    title = "Estimating available bandwidth using packet pair probing",
    author={Hu, Ningning and Steenkiste, Peter},
    year={2002},
    institution={DTIC Document}
}

@inproceedings{vegas,
    author = "Brakmo, L. S. and O'Malley, S. W. and Peterson, L. L.",
    title = {{TCP Vegas: New Techniques for Congestion Detection and Avoidance}},
    booktitle = "{SIGCOMM}",
    year = 1994,
}

@inproceedings{newreno,
    author = "Hoe, J. C.",
    title = {{Improving the Start-up Behavior of a Congestion Control Scheme for TCP}},
    booktitle = "{SIGCOMM}",
    year = 1996,
}

@inproceedings{binomial,
    author = "Bansal, D. and Balakrishnan, H.",
    title = {{Binomial Congestion Control Algorithms}},
    booktitle = "{INFOCOM}",
    year = 2001,
}

@inproceedings{pert,
    title={Emulating AQM from end hosts},
    author={Bhandarkar, Sumitha and Reddy, AL and Zhang, Yueping and Loguinov, Dimitri},
    booktitle={ACM SIGCOMM Computer Communication Review},
    volume={37},
    number={4},
    pages={349--360},
    year={2007},
    organization={ACM}
}

@article{iw10,
author = {Dukkipati, Nandita and Refice, Tiziana and Cheng, Yuchung and Chu, Jerry and Herbert, Tom and Agarwal, Amit and Jain, Arvind and Sutin, Natalia},
title = {{An Argument for Increasing TCP's Initial Congestion Window}},
year = {2010},
issue_date = {July 2010},
volume = {40},
number = {3},
url = {https://doi.org/10.1145/1823844.1823848},
journal = {SIGCOMM CCR},
}

@inproceedings{snap,
author = {Marty, Michael and de Kruijf, Marc and Adriaens, Jacob and Alfeld, Christopher and Bauer, Sean and Contavalli, Carlo and Dalton, Michael and Dukkipati, Nandita and Evans, William C. and Gribble, Steve and Kidd, Nicholas and Kononov, Roman and Kumar, Gautam and Mauer, Carl and Musick, Emily and Olson, Lena and Rubow, Erik and Ryan, Michael and Springborn, Kevin and Turner, Paul and Valancius, Valas and Wang, Xi and Vahdat, Amin},
title = {{Snap: A Microkernel Approach to Host Networking}},
year = {2019},
url = {https://doi.org/10.1145/3341301.3359657},
booktitle = {SOSP},
}

@inproceedings{host-net-overheads,
author = {Cai, Qizhe and Chaudhary, Shubham and Vuppalapati, Midhul and Hwang, Jaehyun and Agarwal, Rachit},
title = {{Understanding Host Network Stack Overheads}},
year = {2021},
url = {https://doi.org/10.1145/3452296.3472888},
booktitle = {SIGCOMM},
}

@inproceedings{packetshader,
author = {Han, Sangjin and Jang, Keon and Park, KyoungSoo and Moon, Sue},
title = {{PacketShader: A GPU-Accelerated Software Router}},
year = {2010},
url = {https://doi.org/10.1145/1851182.1851207},
booktitle = {SIGCOMM},
}

@inproceedings{mica,
author = {Lim, Hyeontaek and Han, Dongsu and Andersen, David G. and Kaminsky, Michael},
title = {{MICA: A Holistic Approach to Fast in-Memory Key-Value Storage}},
year = {2014},
booktitle = {NSDI},
}

@inproceedings {pilaf,
author = {Christopher Mitchell and Yifeng Geng and Jinyang Li},
title = {{Using One-Sided RDMA Reads to Build a Fast, CPU-Efficient Key-Value Store}},
booktitle = {USENIX ATC},
year = {2013},
url = {https://www.usenix.org/conference/atc13/technical-sessions/presentation/mitchell},
}

@inproceedings{herd,
author = {Kalia, Anuj and Kaminsky, Michael and Andersen, David G.},
title = {{Using RDMA Efficiently for Key-Value Services}},
year = {2014},
url = {https://doi.org/10.1145/2619239.2626299},
booktitle = {SIGCOMM},
}

@inproceedings{slowcc,
    author = "D. Bansal and H. Balakrishnan and S. Floyd and S. Shenker",
    title = {{Dynamic Behavior of Slowly-Responsive Congestion Control Algorithms}},
    booktitle = "{SIGCOMM}",
    year = 2001,
}

@inproceedings{ebcc,
    author = "Floyd, S. and Handley, M. and Padhye, J. and Widmer, J.",
    title = {{Equation-Based Congestion Control for Unicast Applications}},
    booktitle = "{SIGCOMM}",
    year = 2000,
}

@article{cubic,
    author = "Sangtae Ha and Injong Rhee and Lisong Xu",
    title = {{CUBIC: A New TCP-Friendly High-Speed TCP Variant}}, 
    journal = "{SIGOPS Operating System Review}",
    month = jul,
    year = 2008, 
}

@article{fasttcp,
    title={{FAST TCP: Motivation, Architecture, Algorithms, Performance}},
    author={Wei, D.X. and Jin, C. and Low, S.H. and Hegde, S.},
    journal={IEEE/ACM Trans. on Networking},
    volume={14},
    number={6},
    pages={1246--1259},
    year={2006},
}

@article{mpert,
    author = {Budzisz, \Lukasz and Stanojevi\'{c}, Rade and Schlote, Arieh and Baker, Fred and Shorten, Robert},
    title = {On the Fair Coexistence of Loss- and Delay-based TCP},
    journal = {IEEE/ACM Trans. Netw.},
    issue_date = {December 2011},
    volume = {19},
    number = {6},
    month = dec,
    year = {2011},
    issn = {1063-6692},
    pages = {1811--1824},
    numpages = {14},
    url = {http://dx.doi.org/10.1109/TNET.2011.2159736},
    doi = {10.1109/TNET.2011.2159736},
    acmid = {2365075},
    publisher = {IEEE Press},
    address = {Piscataway, NJ, USA},
    keywords = {TCP, delay-based congestion control},
}

@misc{bbr-reno-graph,
    title = {{BBR congestion control}},
    author = {Neal Cardwell and Yuchung Cheng and C. Stephen Gunn and Soheil Hassas
        Yeganeh and  Van Jacobson},
    howpublished = {\url{https://www.ietf.org/proceedings/97/slides/slides-97-iccrg-bbr-congestion-control-02.pdf}},
}

@inproceedings{xcp,
    title = {{Congestion Control for High Bandwidth-Delay Product Networks}},
    author = "Dina Katabi and Mark Handley and Chalrie Rohrs",
    booktitle = {SIGCOMM},
    year = 2002,
}

@article{red,
    author = "Floyd, S. and Jacobson, V.",
    title = {{Random Early Detection Gateways for Congestion Avoidance}},
    journal = "{IEEE/ACM Trans. on Networking}",
    year = 1993,
    volume = {1},
    number = {4},
    month = Aug,
}

@article{blue-aqm,
    author = "W. Feng and K. Shin and D. Kandlur and D. Saha",
    title = "{The BLUE Active Queue Management Algorithms}",
    journal = "{IEEE/ACM Trans. on Networking}",
    month = aug,
    year = 2002,
}

@inproceedings{avq,
    author = "S. Kunniyur and R. Srikant",
    title = "{Analysis and Design of an Adaptive Virtual Queue (AVQ) Algorithm for Active Queue Management}",
    booktitle = "{SIGCOMM}",
    year = 2001,
}

@article{vcp,
    title="{One More Bit is Enough}",
    author={Xia, Y. and Subramanian, L. and Stoica, I. and Kalyanaraman, S.},
    journal={IEEE/ACM Trans. on Networking},
    volume={16},
    number={6},
    pages={1281--1294},
    year={2008},
}

@inproceedings{Clark88,
    author = "Clark, D.",
    title = {{The Design Philosophy of the DARPA Internet Protocols}},
    booktitle = {SIGCOMM},
    year = 1988,
}

@article{snoop,
    author = "Balakrishnan, H. and Seshan, S. and Katz, R.H.",
    title = "{Improving Reliable Transport and Handoff Performance
        in Cellular Wireless Networks}",
    journal = "{ACM Wireless Networks}",
    month = Dec,
    year = 1995,
    volume = 1,
    number = 4,  
}

@article{ltelink,
    title="{The LTE link-layer design}",
    author={Larmo, A. and Lindstrom, M. and Meyer, M. and Pelletier, G. and Torsner, J. and Wiemann, H.},
    journal={IEEE Comm. Mag.},
    volume={47},
    number={4},
    pages={52--59},
    year={2009},
}

@inproceedings{Barman02,
    title="{Effectiveness of loss labeling in improving TCP performance in wired/wireless networks}",
    author={Barman, D. and Matta, I.},
    booktitle = {ICNP},
    year={2002},
}

@inproceedings{Barman04,
    title="{A Bayesian approach for TCP to distinguish congestion from wireless losses}",
    author={Barman, D. and Matta, I.},
    booktitle = "{WiOpt}",
    year={2004},
}

@inproceedings{Biaz99,
    title={Discriminating congestion losses from wireless losses using inter-arrival times at the receiver},
    author={Biaz, S. and Vaidya, N.H.},
    booktitle={ASSET},
    year={1999},
}

@article{Cen03,
    title={{End-to-end differentiation of congestion and wireless losses}},
    author={Cen, S. and Cosman, P.C. and Voelker, G.M.},
    journal={EEE/ACM Trans. on Networking},
    volume={11},
    number={5},
    pages={703--717},
    year={2003},
}

@article{Samaraweera99,
    author = "N. Samaraweera",
    title = {{Non-congestion packet loss detection for TCP error recovery using wireless links}},
    journal = {IEEE Comm.},
    volume = 146,
    number = 4,
    pages = {222--230},
    mon = aug,
    year = 1999,
}

@inproceedings{westwood,
    title={{TCP Westwood: Bandwidth Estimation for Enhanced Transport over Wireless Links}},
    author={Mascolo, S. and Casetti, C. and Gerla, M. and Sanadidi, M.Y. and Wang, R.},
    booktitle={MobiCom},
    year={2001},
}

@manual{IEEE93,
    key = {IEEE93},
    title = {{Draft Standard IEEE 802.11: Wireless LAN Medium
        Access Control (MAC) and Physical Layer (PHY)
            Specifications}}, 
    organization = {IEEE P802.1-93/20b0},
}

@article{pomdp,
    author = "Kaelbling, L.P. and Littman, M.L. and Cassandra, A.R.",
    title = {{Planning and acting in partially observable stochastic domains}},
    journal = "{Artificial Intelligence}",
    volume = 101,
    pages = {99-134},
    year = 1998,
}

@misc{sack,
    series =    {Request for Comments},
    number =    2018,
    howpublished =    {RFC 2018},
    doi =        {10.17487/RFC2018},
    author =    {Sally Floyd and Jamshid Mahdavi and Matt Mathis and Dr. Allyn Romanow},
    title =        {{TCP Selective Acknowledgment Options}},
    year =        1996,
    month =        oct,
}

@misc{fast-recovery-rfc,
    series =    {Request for Comments},
    number =    6582,
    howpublished =    {RFC 6582},
    doi =        {10.17487/RFC6582},
    author =    {Andrei Gurtov and Tom Henderson and Sally Floyd and Yoshifumi Nishida},
    title =        {{The NewReno Modification to TCP's Fast Recovery Algorithm}},
    year =        2012,
    month =        apr,
}


@inproceedings{pomdp2,
    author = "Nicolas Meuleau and Kee-Eung Kim and Leslie Pack Kaelbling and Anthony R. Cassandra",
    title = {{Solving POMDPs by Searching the Space of Finite Policies}},
    booktitle = "{Intl. Conf. on Uncertainty in Artificial Intelligence}",
    year = 1999,
}

@article{Kelly98,
    author = "F. P. Kelly and A.K. Maulloo and D.K.H. Tan",
    title = {{Rate Control in Communication Networks: Shadow Prices, Proportional Fairness and Stability}},
    journal = "{Journal of the Operational Research Society}",
    volume = 49,
    pages = {237--252},
    year = 1998,
}

@misc{ledbat,
    title={{Low Extra Delay Background Transport (LEDBAT)}},
    author={Shalunov, S. and Hazel, G. and Iyengar, J. and Kuehlewind, M},
    note={RFC 6817, IETF},
    year={2012},
}

@misc{rfc3819,
    title={{Advice for Internet Subnetwork Designers}},
    author={Karn, P. and Bormann, C. and Fairhurst, G. and Grossman, D. and Ludwig, R. and Mahdavi, J. and Montenegro, G. and Touch, J. and Wood, L.},
    note={RFC 3819, IETF},
    year={2004},
}

@misc{jacobson-memo,
author = {{Van Jacobson}},
title = {{30 instruction TCP receive}},
howpublished={\url{https://people.cs.clemson.edu/~westall/853/notes/vanjtcp.pdf}},
year = {1993},
note = {[Online, Retrieved August 4, 2017]}
}

@book{linux-network-internals,
title = {{Understanding Linux network internals}},
author = {{Christian Benvenuti}},
publisher = {{O'Reilly Media}},
year = {2009},
}

@misc{segmentation-offloads,
title = {{Segmentation Offloads in the Linux Networking Stack}},
howpublished={\url{https://www.kernel.org/doc/Documentation/networking/segmentation-offloads.txt}},
}

@misc{linux-scaling-networking,
title = {{Scaling in the Linux Networking Stack}},
howpublished={\url{https://www.kernel.org/doc/Documentation/networking/scaling.txt}},
}


@misc{ccp-impl,
title = {{CCP user-space}},
howpublished={\url{https://github.com/mit-nms/ccp}},
}

@misc{ccp-kernel-impl,
title = {{Linux kernel datapath for CCP}},
howpublished={\url{https://github.com/mit-nms/ccp-kernel}},
}

@misc{ccp-kernel-patch,
title = {{Linux kernel patch for CCP}},
howpublished={\url{https://github.com/ngsrinivas/linux-fork/commit/a84f0a6db796a84411547a7055d619d2792d871c}},
}

@inproceedings{damd,
    title={{Distributed algorithmic mechanism design: Recent results and future directions}},
    author={Feigenbaum, J. and Shenker, S.},
    booktitle={DIAL-M},
    year={2002},
}

@inproceedings{bgpdamd1,
    title={{Mechanism design for policy routing}},
    author={Feigenbaum, J. and Sami, R. and Shenker, S.},
    booktitle={PODC},
    year={2004},
}

@article{bgpdamd2,
    title={{A BGP-based mechanism for lowest-cost routing}},
    author={Feigenbaum, J. and Papadimitriou, C. and Sami, R. and Shenker, S.},
    journal={Distributed Computing},
    volume={18},
    number={1},
    pages={61--72},
    year={2005},
}

@inproceedings{tcp-nice,
    author = {Venkataramani, Arun and Kokku, Ravi and Dahlin, Mike},
    title = {{TCP Nice: A Mechanism for Background Transfers}},
    booktitle = {OSDI},
    year = {2002},
}

@article{fii,
    title={{Architecting for innovation}},
    author={Koponen, T. and Shenker, S. and Balakrishnan, H. and Feamster, N. and Ganichev, I. and Ghodsi, A. and Godfrey, P.B. and McKeown, N. and Parulkar, G. and Raghavan, B. and others},
    journal = {CCR},
    year = 2011,
}

@article{bbr,
    author = {Cardwell, Neal and Cheng, Yuchung and Gunn, C. Stephen and Yeganeh, Soheil Hassas and Jacobson, Van},
    title = {{BBR: Congestion-Based Congestion Control}},
    journal = {ACM Queue},
    issue_date = {September-October 2016},
    volume = {14},
    number = {5},
    month = oct,
    year = {2016},
    url = {http://doi.acm.org/10.1145/3012426.3022184},
    doi = {10.1145/3012426.3022184},
}

@article{multcp,
    author = {Crowcroft, Jon and Oechslin, Philippe},
    title = {{Differentiated End-to-end Internet Services Using a Weighted Proportional Fair Sharing TCP}},
    journal = {SIGCOMM Comput. Commun. Rev.},
    issue_date = {July 1998},
    volume = {28},
    number = {3},
    month = jul,
    year = {1998},
    issn = {0146-4833},
    pages = {53--69},
    numpages = {17},
    url = {http://doi.acm.org/10.1145/293927.293930},
    doi = {10.1145/293927.293930},
    acmid = {293930},
    publisher = {ACM},
    address = {New York, NY, USA},
}

@inproceedings{dual,
    AUTHOR="Wang, Z. and Crowcroft, J.",
    TITLE={{A New Congestion Control Scheme: Slow Start and Search (Tri-S)}},
    booktitle = {SIGCOMM},
    YEAR=1991,
}

@inproceedings{card,
    AUTHOR="Jain, R.",
    TITLE={{A Delay-based Approach for Congestion Avoidance in Interconnected Heterogeneous Computer Networks}},
    booktitle = "SIGCOMM",
    YEAR=1989,
}

@inproceedings{compound,
    title={{A Compound {TCP} Approach for High-speed and Long Distance Networks}},
    author={Tan, K. and Song, J. and Zhang, Q. and Sridharan, M.},
    booktitle="{INFOCOM}",
    year={2006},
}

@techreport{compound2,
    title={{Compound TCP: A New TCP congestion control for high-speed and long distance networks}},
    author={Sridharan, M. and Tan, K. and Bansal, D. and Thaler, D.},
    year={2008},
    institution={Internet-draft draft-sridharan-tcpm-ctcp-02}
}

@techreport{codelID,
    title={{Controlled Delay Active Queue Management}},
    author={Nichols, K. and Jacobson, V.},
    year={2013},
    institution={Internet-draft draft-nichols-tsvwg-codel-01}
}

@inproceedings{hotnets2011,
    author =       "Keith Winstein and Hari Balakrishnan",
    title =        {{End-to-End Transmission Control by Modeling Uncertainty about the Network State}},
    booktitle =    {HotNets-X},
    year =         {2011},
}

@article{CoDel,
    author = {Nichols, Kathleen and Jacobson, Van},
    title = {{Controlling Queue Delay}},
    journal = {ACM Queue},
    volume = {10},
    number = {5},
    month = may,
    year = {2012},
} 

@inproceedings{bic,
    title={{Binary Increase Congestion Control (BIC) for Fast Long-Distance Networks}},
    author={Xu, L. and Harfoush, K. and Rhee, I.},
    booktitle={INFOCOM},
    year={2004},
}

@inproceedings{htcp,
    title={{H-TCP Protocol for High-Speed Long Distance Networks}},
    author={Leith, DJ and Shorten, R.},
    booktitle={PFLDNet},
    year={2004},
}

@inproceedings{choke,
    title={{CHOKe---A Stateless Active Queue Management Scheme for Approximating Fair Bandwidth Allocation}},
    author={Pan, R. and Prabhakar, B. and Psounis, K.},
    booktitle={INFOCOM},
    year={2000},
}

@inproceedings{rcp,
    title={{Making Large Scale Deployment of RCP Practical for Real Networks}},
    author={Tai, C.H. and Zhu, J. and Dukkipati, N.},
    booktitle={INFOCOM},
    year={2008},
}

@article{stochasticnum,
    author={Yi, Y. and Chiang, M.},
    title={{Stochastic Network Utility Maximisation}},
    journal={European Transactions on Telecommunications},
    volume={19},
    number={4},
    pages={421--442},
    year={2008},
    publisher={Wiley Online Library}
}

@misc{touch2012automating,
    title={{Automating the Initial Window in TCP}},
    author={Touch, J.},
    howpublished={\url{http://tools.ietf.org/html/draft-touch-tcpm-automatic-iw-03}},
    year={2012}
}

@misc{lwn-pluggable-tcp,
title = {{Pluggable congestion avoidance modules}},
author = {Jonathan Corbet},
howpublished={\url{https://lwn.net/Articles/128681/}},
year = {2005},
}

@misc{dumazet-fq-patch,
title = {{pkt\_sched: fq: Fair Queue packet scheduler}},
howpublished={\url{https://lwn.net/Articles/564825/}},
year = {2013},
author = {Eric Dumazet},
}

@misc{the-case-for-rdma,
title = {{The case for RDMA}},
howpublished={\url{http://rdmaconsortium.org/home/The_Case_for_RDMA020531.pdf}},
year = {2002},
author = {Jim Pinkerton},
}

@misc{toe-chelsio,
title = {{TCP Offload Engine (TOE)}},
howpublished={\url{http://www.chelsio.com/nic/tcp-offload-engine/}},
author = {{Chelsio Communications}},
}

@misc{dumazet-pacing-patch,
title = {{TCP: Internal implementation for pacing}},
howpublished={\url{https://patchwork.ozlabs.org/patch/762899/}},
year= {2017},
author = {Eric Dumazet},
}

@misc{quic-sender-interface,
title = {{QUIC sender interface}},
howpublished={\url{https://chromium.googlesource.com/chromium/src/net/+/master/quic/core/congestion_control/send_algorithm_interface.h}},
author = {{The Chromium Authors}},
note = {[Online, Retrieved August 2, 2017]},
}

@misc{fq-scheduler,
title = {{TSO sizing and the FQ scheduler}},
howpublished={\url{https://lwn.net/Articles/564978/}},
author = {{Jonathan Corbet}},
year = {2013},
}

@misc{aspera,
    title={{Aspera - High-speed File Transfer Technology - Asperasoft}},
    howpublished={\url{http://asperasoft.com/technology/}},
}

@misc{sfqCoDel,
    title="{sfqCoDel}",
    howpublished={\url{http://www.pollere.net/Txtdocs/sfqcodel.cc}},
}
@misc{wroclawski,
    title={{TCP ex Machina}},
    author={Wroclawski, John},
    howpublished={\url{http://www.postel.org/pipermail/end2end-interest/2013-July/008914.html}},
    year={2013}
}

@misc{chu2012increasing,
    title={{Increasing TCP's Initial Window}},
    author={Chu, J. and Dukkipati, N. and Cheng, Y. and Mathis, M.},
    howpublished = {\url{http://tools.ietf.org/html/draft-ietf-tcpm-initcwnd-08}},
    year={2013}
}

@article{dukkipati2010argument,
    title={{An Argument for Increasing TCP's Initial Congestion Window}},
    author={Dukkipati, N. and Refice, T. and Cheng, Y. and Chu, J. and Herbert, T. and Agarwal, A. and Jain, A. and Sutin, N.},
    journal={ACM SIGCOMM Computer Communication Review},
    volume={40},
    number={3},
    pages={27--33},
    year={2010}
}

@article{rcpstable,
    title={{Stability analysis of explicit congestion control protocols}},
    author={Balakrishnan, Hamsa and Dukkipati, Nandita and McKeown, Nick and Tomlin, Claire J},
    journal={{IEEE Communications Letters}},
    volume={11},
    number={10},
    year={2007},
}

@misc{allman2010init,
    title = {{Initial Congestion Window Specification}},
    author = "M. Allman",
    howpublished = {\url{http://tools.ietf.org/html/draft-allman-tcpm-bump-initcwnd-00}},
    year = 2010,
}

@book{Srikant,
    title={{The Mathematics of Internet Congestion Control}},
    author={Srikant, R.},
    year={2004},
    publisher={Birkhauser}
}

@inproceedings{Akella02,
    title={{Selfish Behavior and Stability of the Internet: A Game-Theoretic Analysis of TCP}},
    author={Akella, A. and Seshan, S. and Karp, R. and Shenker, S. and Papadimitriou, C.},
    booktitle={SIGCOMM},
    year={2002},
}

@inproceedings{Tan09,
    author = "T. Lan and D. Kao and M. Chiang and A. Sabharwal", 
    title = {{An Axiomatic Theory of Fairness}},
    booktitle = {INFOCOM},
    year = 2010,
}

@article{chiujain,
    author = "Chiu, D-M. and Jain, R.",
    title = {{Analysis of the Increase and Decrease Algorithms for Congestion Avoidance in Computer Networks}},
    journal = "{Computer Networks and ISDN Systems}",
    year = 1989,
    volume = 17,
    pages = {1--14},
}


@article{decbit,
    author = "Ramakrishnan, K. K. and Jain, R.",
    title  = {{A Binary Feedback Scheme for Congestion Avoidance in Computer Networks}},
    journal = {ACM Trans. on Comp. Sys.},
    month = May,
    year = 1990,
    volume = 8,
    number = 2,
    pages = {158--181},
}

@inproceedings{dccp,
    title={{Designing DCCP: Congestion control Without Reliability}},
    author="Kohler, E. and Handley, M. and Floyd, S.",
    booktitle={SIGCOMM},
    year={2006},
}

@article{allman-ccr-trace,
    author = "M. Allman",
    title = {{Comments on Bufferbloat}},
    journal = "{ACM SIGCOMM Computer Communication Review}",
    volume = 43,
    number = 1, 
    month = jan, 
    year = 2013,
}

@article{Bernstein2002,
    title = {{The Complexity of Decentralized Control of Markov Decision Processes}},
    author = "Daniel S. Bernstein and Robert Givan and Neil Immerman and Shlomo Zilberstein",
    journal = "{Mathematics of Operations Research}", 
    volume = 27,
    number = 4,
    pages = {819--840}, 
    month = nov,
    year = 2002,
}


@inproceedings{Oliehoek2012,
    author = "Frans A. Oliehoek",
    title = {{Decentralized POMDPs}},
    booktitle = "{In Reinforcement Learning: State of the Art, Adaptation, Learning, and Optimization}",
    pages = {471--503},
    year = 2012,
}

@book{hofstadter1985metamagical,
    title={{Metamagical Themas: Questing for the Essence of Mind and Pattern}},
    author={Hofstadter, D.},
    year={1985},
    publisher={Basic books}
}

@inproceedings{dctcp,
    title={{Data Center TCP (DCTCP)}},
    author="Alizadeh, Mohammad and Greenberg, Albert and Maltz, David A and Padhye, Jitendra and Patel, Parveen and Prabhakar, Balaji and Sengupta, Sudipta and Sridharan, Murari",
    booktitle = {SIGCOMM},
    year={2010},
}

@article{octree,
    title={{Geometric Modeling Using Octree Encoding}},
    author="Meagher, Donald",
    journal="{Computer Graphics and Image Processing}",
    volume={19},
    number={2},
    pages={129--147},
    year={1982},
}

@INPROCEEDINGS{linkoverload,
    author={Iyer, S. and Bhattacharyya, Supratik and Taft, N. and Diot, C.},
    booktitle={INFOCOM 2003. Twenty-Second Annual Joint Conference of the IEEE Computer and Communications. IEEE Societies},
    title={{An approach to alleviate link overload as observed on an IP backbone}},
    year={2003},
    volume={1},
    pages={406-416 vol.1},
    keywords={routing protocols;telecommunication congestion control;telecommunication links;transport protocols;IP backbone topology;Sprint backbone network;deflection routing algorithm;link failure;link overload;link weights;loop-free deflection paths;network measurements;shortest path routing protocols;Availability;Costs;Load management;Network topology;Resilience;Routing protocols;Spine;Telecommunication traffic;Throughput;Traffic control},
    doi={10.1109/INFCOM.2003.1208692},
    ISSN={0743-166X},
}

@article{sprintip,
    author = {Fraleigh, C. and Moon, S. and Lyles, B. and Cotton, C. and Khan, M. and Moll, D. and Rockell, R. and Seely, T. and Diot, S. C.},
    title = {{Packet-level Traffic Measurements from the Sprint IP Backbone}},
    journal = {Netwrk. Mag. of Global Internetwkg.},
    issue_date = {November 2003},
    volume = {17},
    number = {6},
    month = nov,
    year = {2003},
    issn = {0890-8044},
    pages = {6--16},
    numpages = {11},
    url = {http://dx.doi.org/10.1109/MNET.2003.1248656},
    doi = {10.1109/MNET.2003.1248656},
    acmid = {2329631},
    publisher = {IEEE Press},
    address = {Piscataway, NJ, USA},
}

@inproceedings{nwksleep,
    author = {Nedevschi, Sergiu and Popa, Lucian and Iannaccone, Gianluca and Ratnasamy, Sylvia and Wetherall, David},
    title = {{Reducing Network Energy Consumption via Sleeping and Rate-adaptation}},
    booktitle = {NSDI},
    year = {2008},
}

@article{walrand,
    author = {Mo, Jeonghoon and Walrand, Jean},
    title = {{Fair End-to-end Window-based Congestion Control}},
    journal = {IEEE/ACM Trans. Netw.},
    issue_date = {Oct. 2000},
    volume = {8},
    number = {5},
    month = oct,
    year = {2000},
    issn = {1063-6692},
    pages = {556--567},
    numpages = {12},
    url = {http://dx.doi.org/10.1109/90.879343},
    doi = {10.1109/90.879343},
    acmid = {355156},
    publisher = {IEEE Press},
    address = {Piscataway, NJ, USA},
    keywords = {TCP, bandwidth sharing, congestion control, fairness, window},
} 

@article{learnable,
    author = {Valiant, L. G.},
    title = {{A Theory of the Learnable}},
    journal = {CACM},
    volume = {27},
    number = {11},
    month = nov,
    year = {1984},
    pages = {1134--1142},
}

@article{schapire,
    title={{The Strength of Weak Learnability}},
    author={Schapire, Robert E},
    journal={Machine learning},
    volume={5},
    number={2},
    pages={197--227},
    year={1990},
}
@inproceedings{router-buffers,
    author = {Appenzeller, Guido and Keslassy, Isaac and McKeown, Nick},
    title = {{Sizing Router Buffers}},
    booktitle = {SIGCOMM},
    year = {2004},
}

@ARTICLE{MOSCC, 
    author={Habachi, O. and Yusuo Hu and van der Schaar, M. and Hayel, Y. and Feng Wu}, 
    journal={Selected Areas in Communications, IEEE Journal on}, 
    title={{MOS-Based Congestion Control for Conversational Services in Wireless Environments}}, 
    year={2012}, 
    month={August}, 
    volume={30}, 
    number={7}, 
    pages={1225-1236}, 
    doi={10.1109/JSAC.2012.120808}, 
    ISSN={0733-8716},
}

@INPROCEEDINGS{edsallalizadeh,
    author={Alizadeh, M. and Edsall, T.},
    booktitle={High-Performance Interconnects (HOTI), 2013 IEEE 21st Annual Symposium on},
    title={{On the Data Path Performance of Leaf-Spine Datacenter Fabrics}},
    year={2013},
    month={Aug},
    pages={71-74},
    doi={10.1109/HOTI.2013.23},
}

@article{transitstub,
    title={{Modeling Internet Topology}},
    author={Calvert, Kenneth L and others},
    journal={IEEE C.M.},
    volume={35},
    number={6},
    pages={160--163},
    year={1997},
}

@article{fct-nandita,
    author = {Dukkipati, Nandita and McKeown, Nick},
    title = {{Why Flow-completion Time is the Right Metric for Congestion Control}},
    journal = {SIGCOMM Comput. Commun. Rev.},
    issue_date = {January 2006},
    volume = {36},
    number = {1},
    month = jan,
    year = {2006},
    issn = {0146-4833},
    pages = {59--62},
    numpages = {4},
    url = {http://doi.acm.org/10.1145/1111322.1111336},
    doi = {10.1145/1111322.1111336},
    acmid = {1111336},
    publisher = {ACM},
    address = {New York, NY, USA},
}

@inproceedings{maxmargin,
    author = {Boser, Bernhard E. and Guyon, Isabelle M. and Vapnik, Vladimir N.},
    title = {{A Training Algorithm for Optimal Margin Classifiers}},
    booktitle = {COLT},
    year = {1992},
}

@inproceedings{mahimahi,
    title={{Mahimahi: Accurate Record-and-Replay for HTTP}},
    author={Netravali, Ravi and Sivaraman, Anirudh and Das, Somak and Goyal, Ameesh and Winstein, Keith and Mickens, James and Balakrishnan, Hari},
    booktitle={USENIX ATC},
    year={2015}
}

@inproceedings {senic,
author = "Sivasankar Radhakrishnan and Yilong Geng and Vimalkumar Jeyakumar and Abdul Kabbani and George Porter and Amin Vahdat",
title = {{SENIC}: Scalable {NIC} for End-Host Rate Limiting},
booktitle = {NSDI},
year = {2014},
}

@inproceedings{netfpga-pacer,
title = {{High-performance implementation of in-network traffic pacing}},
author = {{Hanay, Y.S. and Dwaraki, A. and Wolf, T.}},
booktitle = {HPSR},
year = {2011},
}

@inproceedings{cm,
    author = {Balakrishnan, Hari and Rahul, Hariharan S. and Seshan, Srinivasan},
    title = {{An Integrated Congestion Management Architecture for Internet Hosts}},
    booktitle = {SIGCOMM},
    year = {1999},
    url = {http://doi.acm.org/10.1145/316188.316220},
}

@inproceedings {sprout,
    author = {Keith Winstein and Anirudh Sivaraman and Hari Balakrishnan},
    title = {{Stochastic Forecasts Achieve High Throughput and Low Delay over Cellular Networks}},
    booktitle = {NSDI},
    year = {2013},
}

@inproceedings {pcc,
    author = {Mo Dong and Qingxi Li and Doron Zarchy and P. Brighten Godfrey and Michael Schapira},
    title = {{PCC: Re-architecting Congestion Control for Consistent High Performance}},
    booktitle = {NSDI},
    year = {2015},
}

@inproceedings {mtcp,
    author = {EunYoung Jeong and Shinae Wood and Muhammad Jamshed and Haewon Jeong and Sunghwan Ihm and Dongsu Han and KyoungSoo Park},
    title = {{mTCP: a Highly Scalable User-level TCP Stack for Multicore Systems}},
    booktitle = {NSDI},
    year = {2014},
}

@inproceedings{timely,
    author = {Mittal, Radhika and Lam, Vinh The and Dukkipati, Nandita and Blem, Emily and Wassel, Hassan and Ghobadi, Monia and Vahdat, Amin and Wang, Yaogong and Wetherall, David and Zats, David},
    title = {{TIMELY: RTT-based Congestion Control for the Datacenter}},
    booktitle = {SIGCOMM},
    year = {2015},
}

@inproceedings{numfabric,
    author = {Nagaraj, Kanthi and Bharadia, Dinesh and Mao, Hongzi and Chinchali, Sandeep and Alizadeh, Mohammad and Katti, Sachin},
    title = {{NUMFabric: Fast and Flexible Bandwidth Allocation in Datacenters}},
    booktitle = {SIGCOMM},
    year = {2016},
}

@article{openflow,
    author = {McKeown, Nick and Anderson, Tom and Balakrishnan, Hari and Parulkar, Guru and Peterson, Larry and Rexford, Jennifer and Shenker, Scott and Turner, Jonathan},
    title = {{OpenFlow: Enabling Innovation in Campus Networks}},
    journal = {SIGCOMM CCR},
    issue_date = {April 2008},
    volume = {38},
    number = {2},
    month = mar,
    year = {2008},
    issn = {0146-4833},
    pages = {69--74},
}

@article{p4,
    author = {Bosshart, Pat and Daly, Dan and Gibb, Glen and Izzard, Martin and McKeown, Nick and Rexford, Jennifer and Schlesinger, Cole and Talayco, Dan and Vahdat, Amin and Varghese, George and Walker, David},
    title = {{P4: Programming Protocol-independent Packet Processors}},
    journal = {SIGCOMM CCR},
    issue_date = {July 2014},
    volume = {44},
    number = {3},
    month = jul,
    year = {2014},
    issn = {0146-4833},
    pages = {87--95},
} 

@inproceedings {netbricks,
    author = {Aurojit Panda and Sangjin Han and Keon Jang and Melvin Walls and Sylvia Ratnasamy and Scott Shenker},
    title = {{NetBricks: Taking the V out of NFV}},
    booktitle = {OSDI},
    year = {2016},
}

@misc {intel-turboboost,
    title = {{Intel Turbo Boost}},
    author = {Intel},
    howpublished = "\url{https://www.intel.com/content/www/us/en/architecture-and-technology/turbo-boost/turbo-boost-technology.html}",
}

@inproceedings{marple,
    author = {Srinivas Narayana and Anirudh Sivaraman and Vikram Nathan and Prateesh Goyal and Venkat Arun and Mohammad Alizadeh and Vimal Jeyakumar and Changhoon Kim},
    title = {{Language-directed Hardware Design for Network Performance Monitoring}},
    booktitle = {SIGCOMM},
    year = {2017},
}

@inproceedings {disaggregation,
    author = {Peter X. Gao and Akshay Narayan and Sagar Karandikar and Joao Carreira and Sangjin Han and Rachit Agarwal and Sylvia Ratnasamy and Scott Shenker},
    title = {{Network Requirements for Resource Disaggregation}},
    booktitle = {OSDI},
    year = {2016},
}

@inproceedings{domino,
    author = {Sivaraman, Anirudh and Cheung, Alvin and Budiu, Mihai and Kim, Changhoon and Alizadeh, Mohammad and Balakrishnan, Hari and Varghese, George and McKeown, Nick and Licking, Steve},
    title = {{Packet Transactions: High-Level Programming for Line-Rate Switches}},
    booktitle = {SIGCOMM},
    year = {2016},
}

@inproceedings{exokernel,
    author = {Engler, D. R. and Kaashoek, M. F. and O'Toole,Jr., J.},
    title = {{Exokernel: An Operating System Architecture for Application-level Resource Management}},
    booktitle = {SOSP},
    year = {1995},
}

@inproceedings{dune,
    author = {Belay, Adam and Bittau, Andrea and Mashtizadeh, Ali and Terei, David and Mazi\`{e}res, David and Kozyrakis, Christos},
    title = {{Dune: Safe User-level Access to Privileged CPU Features}},
    booktitle = {OSDI},
    year = {2012},
}

@inproceedings{ix,
    author = {Adam Belay and George Prekas and Ana Klimovic and Samuel Grossman and Christos Kozyrakis and Edouard Bugnion},
    title = {{IX: A Protected Dataplane Operating System for High Throughput and Low Latency}},
    booktitle = {OSDI},
    year = {2014},
}

@inproceedings{netfpga,
    author = {Zilberman, Noa and Audzevich, Yury and Kalogeridou, Georgina and Manihatty-Bojan, Neelakandan and Zhang, Jingyun and Moore, Andrew},
    title = {{NetFPGA: Rapid Prototyping of Networking Devices in Open Source}},
    booktitle = {SIGCOMM},
    year = {2015},
} 

@inproceedings{quic,
    author = {Adam Langley and Alistair Riddoch and Alyssa Wilk and Antonio Vicente and Charles Krasic and Dan Zhang and Fan Yang and Fedor Kouranov and Ian Swett and Janardhan Iyengar and Jeff Bailey and Jeremy Dorfman and Jim Roskind and Joanna Kulik and Patrik Westin and Raman Tenneti and Robbie Shade and Ryan Hamilton and Victor Vasiliev and Wan-Teh Chang and Zhongyi Shi},
    title = {{The QUIC Transport Protocol: Design and Internet-Scale Deployment}},
    booktitle = {SIGCOMM},
    year = {2017},
}

@inproceedings {netmap,
    author = {Luigi Rizzo},
    title = {{netmap: A Novel Framework for Fast Packet I/O}},
    booktitle = {USENIX ATC},
    year = {2012},
}

@inproceedings{rc3,
    title={{Recursively Cautious Congestion Control}},
    author="Mittal, Radhika and Sherry, Justine and Ratnasamy, Sylvia and Shenker, Scott",
    booktitle={NSDI},
    year={2014}
}

@inproceedings{gentleaggression,
    title={{Reducing Web Latency: The Virtue of Gentle Aggression}},
    author="Flach, Tobias and Dukkipati, Nandita and Terzis, Andreas and Raghavan, Barath and Cardwell, Neal and Cheng, Yuchung and Jain, Ankur and Hao, Shuai and Katz-Bassett, Ethan and Govindan, Ramesh",
    booktitle = {SIGCOMM},
    year={2013},
}

@inproceedings{msft-ltl,
    title={{A Cloud-Scale Acceleration Architecture}},
    author="Adrian M. Caulfield  and  Eric S. Chung  and  Andrew Putnam  and  Hari Angepat  and  Jeremy Fowers  and  Michael Haselman  and  Stephen Heil  and  Matt Humphrey  and  Puneet Kaur  and  Joo-Young Kim  and  Daniel Lo  and  Todd Massengill  and  Kalin Ovtcharov  and  Michael Papamichael  and  Lisa Woods  and  Sitaram Lanka  and  Derek Chiou  and  Doug Burger",
    booktitle = {MICRO},
    year={2016},
}

@misc{hardware-timestamps-nic,
howpublished={\url{http://www.ntop.org/pf_ring/hardware-timestamps-with-pf_ring/}},
title = {{Using Hardware Timestamps with PF\_RING}},
year = {2011},
key = {ntop},
}

@inproceedings{msft-prognic,
    title={{VFP: A Virtual Switch Platform for Host SDN in the Public Cloud}},
    author={Daniel Firestone},
    booktitle={NSDI},
    year={2017},
}

@inproceedings{fastpass,
    title = {{Fastpass: A Centralized "Zero-queue" Datacenter Network}},
    author = {Perry, Jonathan and Ousterhout, Amy and Balakrishnan, Hari and Shah, Devavrat and Fugal, Hans},
    booktitle = {SIGCOMM},
    year = {2014},
}

@inproceedings{flowtune,
    title = {{Flowtune: Flowlet Control for Datacenter Networks}},
    author = {Jonathan Perry and Hari Balakrishnan and Devavrat Shah},
    booktitle={NSDI},
    year={2017},
}

@misc{lwn-stateless-offloads,
    title = {{Checksum Offloads and Protocol Ossification}},
    author = {Jonathan Corbet},
    howpublished = {\url{https://lwn.net/Articles/667059/}},
    year = {2015},
}

@misc{gro,
  author = {Jonathan Corbet},
  title = {{Generic receive offload}},
  howpublished = {\url{https://lwn.net/Articles/358910/}},
  year = {2009},
}

@misc{sampled-control,
title = {{Sampling and Sampled-Data Systems}},
author= {Jerome Le Ny},
howpublished = {\url{http://www.professeurs.polymtl.ca/jerome.le-ny/teaching/NECS_Spring11/notes/3_sampling/3_sampling.pdf}},
note = {[Online, Retrieved August 3, 2017]}
}

@misc{smartnic,
    title = {{Agilio LX SmartNICs}},
    author = {Netronome},
    note = {[Online, Retrieved July 28, 2017]},
    howpublished = {\url{https://www.netronome.com/products/agilio-lx/}},
}


@inproceedings{dcqcn,
	author = {Zhu, Yibo and Eran, Haggai and Firestone, Daniel and Guo, Chuanxiong and Lipshteyn, Marina and Liron, Yehonatan and Padhye, Jitu and Raindel, Shachar and Yahia, Mohamad Haj and Zhang, Ming},
	booktitle = {SIGCOMM},
	title = {{Congestion Control for Large-Scale RDMA Deployments}},
	year = {2015},
}



@inproceedings{synquid,
    author = {Nadia Polikarpova and Ivan Kuraj and Armando Solar-Lezama},
    title = {{Program Synthesis from Polymorphic Refinement Types}},
    booktitle = {PLDI},
    year = {2016},
}

@misc{xps,
title = {{Chelsio Traffic Classification and Filtering Solution Overview}},
howpublished={\url{https://www.chelsio.com/classification-and-filtering-solution/}},
note = {[Online, Retrieved August 2, 2017]},
author = {{Chelsio Communications}},
}

@inproceedings{slow-cc,
 author = {Bansal, Deepak and Balakrishnan, Hari and Floyd, Sally and Shenker, Scott},
 title = {{Dynamic Behavior of Slowly-responsive Congestion Control Algorithms}},
 series = {SIGCOMM},
 year = {2001},
} 

@inproceedings{pantheon,
  title="{Pantheon: The Training Ground for Internet Congestion-Control research}",
  author="Yan, Francis Y and Ma, Jestin and Hill, Greg and Raghavan, Deepti and Wahby, Riad S and Levis, Philip and Winstein, Keith",
  booktitle = {USENIX ATC},
  year = 2018, 
}

@inproceedings{swan,
    author = {Hong, Chi-Yao and Kandula, Srikanth and Mahajan, Ratul and Zhang, Ming and Gill, Vijay and Nanduri, Mohan and Wattenhofer, Roger},
    title = {{{A}chieving {H}igh {U}tilization with {S}oftware-driven {W}AN}},
    booktitle = {SIGCOMM},
    year = {2013},
}

@article{illinois,
    title={{TCP-Illinois: A loss-and delay-based congestion control algorithm for high-speed networks}},
    author={Liu, Shao and Ba{\c{s}}ar, Tamer and Srikant, Ravi},
    journal={Performance Evaluation},
    volume={65},
    number={6},
    pages={417--440},
    year={2008},
    publisher={Elsevier}
}

@techreport{packettrain,
    title = "Estimating available bandwidth using packet pair probing",
    author={Hu, Ningning and Steenkiste, Peter},
    year={2002},
    institution={DTIC Document}
}

@inproceedings{binomial,
    author = "Bansal, D. and Balakrishnan, H.",
    title = {{Binomial Congestion Control Algorithms}},
    booktitle = "{INFOCOM}",
    year = 2001,
}

@inproceedings{pert,
    title={Emulating AQM from end hosts},
    author={Bhandarkar, Sumitha and Reddy, AL and Zhang, Yueping and Loguinov, Dimitri},
    booktitle={ACM SIGCOMM Computer Communication Review},
    volume={37},
    number={4},
    pages={349--360},
    year={2007},
    organization={ACM}
}

@inproceedings{slowcc,
    author = "D. Bansal and H. Balakrishnan and S. Floyd and S. Shenker",
    title = {{Dynamic Behavior of Slowly-Responsive Congestion Control Algorithms}},
    booktitle = "{SIGCOMM}",
    year = 2001,
}

@inproceedings{ebcc,
    author = "Floyd, S. and Handley, M. and Padhye, J. and Widmer, J.",
    title = {{Equation-Based Congestion Control for Unicast Applications}},
    booktitle = "{SIGCOMM}",
    year = 2000,
}

@article{nv,
    title={{TCP-NV: Congestion Avoidance for Data Centers}},
    author={Brakmo, L.},
    journal={Linux Plumbers Conference},
    year = {2010},
}

@article{fasttcp,
    title={{FAST TCP: Motivation, Architecture, Algorithms, Performance}},
    author={Wei, D.X. and Jin, C. and Low, S.H. and Hegde, S.},
    journal={IEEE/ACM Trans. on Networking},
    volume={14},
    number={6},
    pages={1246--1259},
    year={2006},
}

@article{mpert,
    author = {Budzisz, \Lukasz and Stanojevi\'{c}, Rade and Schlote, Arieh and Baker, Fred and Shorten, Robert},
    title = {On the Fair Coexistence of Loss- and Delay-based TCP},
    journal = {IEEE/ACM Trans. Netw.},
    issue_date = {December 2011},
    volume = {19},
    number = {6},
    month = dec,
    year = {2011},
    issn = {1063-6692},
    pages = {1811--1824},
    numpages = {14},
    url = {http://dx.doi.org/10.1109/TNET.2011.2159736},
    doi = {10.1109/TNET.2011.2159736},
    acmid = {2365075},
    publisher = {IEEE Press},
    address = {Piscataway, NJ, USA},
    keywords = {TCP, delay-based congestion control},
}

@misc{bbr-reno-graph,
    title = {{BBR congestion control}},
    author = {Neal Cardwell and Yuchung Cheng and C. Stephen Gunn and Soheil Hassas
        Yeganeh and  Van Jacobson},
    howpublished = {\url{https://www.ietf.org/proceedings/97/slides/slides-97-iccrg-bbr-congestion-control-02.pdf}},
}

@inproceedings{xcp,
    title = {{Congestion Control for High Bandwidth-Delay Product Networks}},
    author = "Dina Katabi and Mark Handley and Chalrie Rohrs",
    booktitle = {SIGCOMM},
    year = 2002,
}

@article{ecn,
    author = {{Floyd, Sally}},
    title = {{TCP and Explicit Congestion Notification}},
    journal = {CCR},
    month = Oct,
    year = 1994,
    volume = 24,
    number = 5,
}

@article{vcp,
    title="{One More Bit is Enough}",
    author={Xia, Y. and Subramanian, L. and Stoica, I. and Kalyanaraman, S.},
    journal={IEEE/ACM Trans. on Networking},
    volume={16},
    number={6},
    pages={1281--1294},
    year={2008},
}

@inproceedings{Clark88,
    author = "Clark, D.",
    title = {{The Design Philosophy of the DARPA Internet Protocols}},
    booktitle = {SIGCOMM},
    year = 1988,
}

@article{snoop,
    author = "Balakrishnan, H. and Seshan, S. and Katz, R.H.",
    title = "{Improving Reliable Transport and Handoff Performance
        in Cellular Wireless Networks}",
    journal = "{ACM Wireless Networks}",
    month = Dec,
    year = 1995,
    volume = 1,
    number = 4,
}

@article{ltelink,
    title="{The LTE link-layer design}",
    author={Larmo, A. and Lindstrom, M. and Meyer, M. and Pelletier, G. and Torsner, J. and Wiemann, H.},
    journal={IEEE Comm. Mag.},
    volume={47},
    number={4},
    pages={52--59},
    year={2009},
}

@inproceedings{Barman02,
    title="{Effectiveness of loss labeling in improving TCP performance in wired/wireless networks}",
    author={Barman, D. and Matta, I.},
    booktitle = {ICNP},
    year={2002},
}

@inproceedings{Barman04,
    title="{A Bayesian approach for TCP to distinguish congestion from wireless losses}",
    author={Barman, D. and Matta, I.},
    booktitle = "{WiOpt}",
    year={2004},
}

@inproceedings{Biaz99,
    title={Discriminating congestion losses from wireless losses using inter-arrival times at the receiver},
    author={Biaz, S. and Vaidya, N.H.},
    booktitle={ASSET},
    year={1999},
}

@article{Cen03,
    title={{End-to-end differentiation of congestion and wireless losses}},
    author={Cen, S. and Cosman, P.C. and Voelker, G.M.},
    journal={EEE/ACM Trans. on Networking},
    volume={11},
    number={5},
    pages={703--717},
    year={2003},
}

@article{Samaraweera99,
    author = "N. Samaraweera",
    title = {{Non-congestion packet loss detection for TCP error recovery using wireless links}},
    journal = {IEEE Comm.},
    volume = 146,
    number = 4,
    pages = {222--230},
    mon = aug,
    year = 1999,
}

@inproceedings{veno,
    title={{TCP Veno: TCP Enhancement for Transmission Over Wireless Access Networks}},
    author={Fu, Cheng Peng and Liew, Soung C.},
    booktitle={IEEE JSAC},
    volume = {21},
    year={2003},
}

@manual{IEEE93,
    key = {IEEE93},
    title = {{Draft Standard IEEE 802.11: Wireless LAN Medium
        Access Control (MAC) and Physical Layer (PHY)
            Specifications}},
    organization = {IEEE P802.1-93/20b0},
}

@article{pomdp,
    author = "Kaelbling, L.P. and Littman, M.L. and Cassandra, A.R.",
    title = {{Planning and acting in partially observable stochastic domains}},
    journal = "{Artificial Intelligence}",
    volume = 101,
    pages = {99-134},
    year = 1998,
}

@inproceedings{pomdp2,
    author = "Nicolas Meuleau and Kee-Eung Kim and Leslie Pack Kaelbling and Anthony R. Cassandra",
    title = {{Solving POMDPs by Searching the Space of Finite Policies}},
    booktitle = "{Intl. Conf. on Uncertainty in Artificial Intelligence}",
    year = 1999,
}

@article{Kelly98,
    author = "F. P. Kelly and A.K. Maulloo and D.K.H. Tan",
    title = {{Rate Control in Communication Networks: Shadow Prices, Proportional Fairness and Stability}},
    journal = "{Journal of the Operational Research Society}",
    volume = 49,
    pages = {237--252},
    year = 1998,
}

@misc{ledbat,
    title={{Low Extra Delay Background Transport (LEDBAT)}},
    author={Shalunov, S. and Hazel, G. and Iyengar, J. and Kuehlewind, M},
    note={RFC 6817, IETF},
    year={2012},
}

@misc{rfc3819,
    title={{Advice for Internet Subnetwork Designers}},
    author={Karn, P. and Bormann, C. and Fairhurst, G. and Grossman, D. and Ludwig, R. and Mahdavi, J. and Montenegro, G. and Touch, J. and Wood, L.},
    note={RFC 3819, IETF},
    year={2004},
}

@misc{jacobson-memo,
author = {{Van Jacobson}},
title = {{30 instruction TCP receive}},
howpublished={\url{https://people.cs.clemson.edu/~westall/853/notes/vanjtcp.pdf}},
year = {1993},
note = {[Online, Retrieved August 4, 2017]}
}

@book{linux-network-internals,
title = {{Understanding Linux network internals}},
author = {{Christian Benvenuti}},
publisher = {{O'Reilly Media}},
year = {2009},
}

@misc{segmentation-offloads,
title = {{Segmentation Offloads in the Linux Networking Stack}},
howpublished={\url{https://www.kernel.org/doc/Documentation/networking/segmentation-offloads.txt}},
}

@misc{ebpf,
key="ebpf",
title = {{Linux Socket Filtering aka Berkeley Packet Filter (BPF)}},
howpublished={\url{https://www.kernel.org/doc/Documentation/networking/filter.txt}},
}

@misc{ccp-impl,
title = {{CCP user-space}},
howpublished={\url{https://github.com/mit-nms/ccp}},
}

@misc{ccp-kernel-impl,
title = {{Linux kernel datapath for CCP}},
howpublished={\url{https://github.com/mit-nms/ccp-kernel}},
}

@misc{ccp-kernel-patch,
title = {{Linux kernel patch for CCP}},
howpublished={\url{https://github.com/ngsrinivas/linux-fork/commit/a84f0a6db796a84411547a7055d619d2792d871c}},
}

@inproceedings{damd,
    title={{Distributed algorithmic mechanism design: Recent results and future directions}},
    author={Feigenbaum, J. and Shenker, S.},
    booktitle={DIAL-M},
    year={2002},
}

@inproceedings{bgpdamd1,
    title={{Mechanism design for policy routing}},
    author={Feigenbaum, J. and Sami, R. and Shenker, S.},
    booktitle={PODC},
    year={2004},
}

@article{bgpdamd2,
    title={{A BGP-based mechanism for lowest-cost routing}},
    author={Feigenbaum, J. and Papadimitriou, C. and Sami, R. and Shenker, S.},
    journal={Distributed Computing},
    volume={18},
    number={1},
    pages={61--72},
    year={2005},
}

@inproceedings{tcp-nice,
    author = {Venkataramani, Arun and Kokku, Ravi and Dahlin, Mike},
    title = {{TCP Nice: A Mechanism for Background Transfers}},
    booktitle = {OSDI},
    year = {2002},
}

@article{fii,
    title={{Architecting for innovation}},
    author={Koponen, T. and Shenker, S. and Balakrishnan, H. and Feamster, N. and Ganichev, I. and Ghodsi, A. and Godfrey, P.B. and McKeown, N. and Parulkar, G. and Raghavan, B. and others},
    journal = {CCR},
    year = 2011,
}

@inproceedings{copa,
 title={{Copa: Congestion Control Combining Objective Optimization with Window Adjustments}},
 author={Arun, Venkat and Balakrishnan, Hari},
 booktitle={{NSDI}},
 year={2018},
}

@inproceedings{abc,
 title={{Rethinking Congestion Control for Cellular Networks}},
 author={Goyal, Prateesh and Alizadeh, Mohammad and Balakrishnan, Hari},
 booktitle={{HotNets}},
 year={2017},
}

@inproceedings{prr,
title = {{Proportional Rate Reduction for TCP}},
author  = {Nandita Dukkipati and Matt Mathis and Yuchung Cheng and Monia Ghobadi},
booktitle = {{SIGCOMM}},
year  = {2011},
}

@inproceedings{pcc-vivace,
  title="{PCC Vivace: Online-Learning Congestion Control}",
  author={Dong, Mo and Meng, Tong and Zarchy, D and Arslan, E and Gilad, Y and Godfrey, B and Schapira, M},
  booktitle={NSDI},
  year={2018},
}

@misc{ns2,
key="ns2",
title = {{The Network Simulator}},
howpublished={\url{https://www.isi.edu/nsnam/ns/}},
}

@article{multcp,
    author = {Crowcroft, Jon and Oechslin, Philippe},
    title = {{Differentiated End-to-end Internet Services Using a Weighted Proportional Fair Sharing TCP}},
    journal = {SIGCOMM Comput. Commun. Rev.},
    issue_date = {July 1998},
    volume = {28},
    number = {3},
    month = jul,
    year = {1998},
    issn = {0146-4833},
    pages = {53--69},
    numpages = {17},
    url = {http://doi.acm.org/10.1145/293927.293930},
    doi = {10.1145/293927.293930},
    acmid = {293930},
    publisher = {ACM},
    address = {New York, NY, USA},
}

@inproceedings{dual,
    AUTHOR="Wang, Z. and Crowcroft, J.",
    TITLE={{A New Congestion Control Scheme: Slow Start and Search (Tri-S)}},
    booktitle = {SIGCOMM},
    YEAR=1991,
}

@inproceedings{card,
    AUTHOR="Jain, R.",
    TITLE={{A Delay-based Approach for Congestion Avoidance in Interconnected Heterogeneous Computer Networks}},
    booktitle = "SIGCOMM",
    YEAR=1989,
}

@inproceedings{compound,
    title={{A Compound {TCP} Approach for High-speed and Long Distance Networks}},
    author={Tan, K. and Song, J. and Zhang, Q. and Sridharan, M.},
    booktitle="{INFOCOM}",
    year={2006},
}

@techreport{compound2,
    title={{Compound TCP: A New TCP congestion control for high-speed and long distance networks}},
    author={Sridharan, M. and Tan, K. and Bansal, D. and Thaler, D.},
    year={2008},
    institution={Internet-draft draft-sridharan-tcpm-ctcp-02}
}

@techreport{codelID,
    title={{Controlled Delay Active Queue Management}},
    author={Nichols, K. and Jacobson, V.},
    year={2013},
    institution={Internet-draft draft-nichols-tsvwg-codel-01}
}

@inproceedings{hotnets2011,
    author =       "Keith Winstein and Hari Balakrishnan",
    title =        {{End-to-End Transmission Control by Modeling Uncertainty about the Network State}},
    booktitle =    {HotNets-X},
    year =         {2011},
}

@inproceedings{fq,
    author = {Demers, A. and Keshav, S. and Shenker, S.},
    title = {Analysis and Simulation of a Fair Queueing Algorithm},
    year = {1989},
    url = {https://doi.org/10.1145/75246.75248},
    doi = {10.1145/75246.75248},
    series = {SIGCOMM}
}

@inproceedings{bic,
    title={{Binary Increase Congestion Control (BIC) for Fast Long-Distance Networks}},
    author={Xu, L. and Harfoush, K. and Rhee, I.},
    booktitle={INFOCOM},
    year={2004},
}

@inproceedings{htcp,
    title={{H-TCP Protocol for High-Speed Long Distance Networks}},
    author={Leith, DJ and Shorten, R.},
    booktitle={PFLDNet},
    year={2004},
}

@misc{caida,
howpublished={\url{http://www.caida.org/data/passive/passive_2016_dataset.xml}},
author={CAIDA},
title={{The CAIDA Anonymized Internet Traces 2016 Dataset - 2016-01-21}},
year={2016}
}

@article{unix-domain,
author={Ritchie, Dennis},
title={{A Stream Input-Output System}},
journal = {AT\&T Bell Laboratories Technical Journal},
volume = {63},
year={1984},
}

@misc{netlink,
    title={{Linux Netlink as an IP Services Protocol}},
    author={Salim, J and Khosravi, H. and Kleen, A. and Kuznetsov, A.},
    note={RFC 3819, IETF},
    year={2003},
}

@article {hybla,
author = {Caini, Carlo and Firrincieli, Rosario},
title = {{TCP Hybla: a TCP enhancement for heterogeneous networks}},
journal = {International Journal of Satellite Communications and Networking},
volume = {22},
number = {5},
publisher = {John Wiley & Sons, Ltd.},
issn = {1542-0981},
url = {http://dx.doi.org/10.1002/sat.799},
doi = {10.1002/sat.799},
pages = {547--566},
keywords = {TCP/IP, congestion control, wireless communications},
year = {2004},
}

@inproceedings{choke,
    title={{CHOKe---A Stateless Active Queue Management Scheme for Approximating Fair Bandwidth Allocation}},
    author={Pan, R. and Prabhakar, B. and Psounis, K.},
    booktitle={INFOCOM},
    year={2000},
}

@inproceedings{rcp,
    title={{Making Large Scale Deployment of RCP Practical for Real Networks}},
    author={Tai, C.H. and Zhu, J. and Dukkipati, N.},
    booktitle={INFOCOM},
    year={2008},
}

@article{stochasticnum,
    author={Yi, Y. and Chiang, M.},
    title={{Stochastic Network Utility Maximisation}},
    journal={European Transactions on Telecommunications},
    volume={19},
    number={4},
    pages={421--442},
    year={2008},
    publisher={Wiley Online Library}
}

@misc{touch2012automating,
    title={{Automating the Initial Window in TCP}},
    author={Touch, J.},
    howpublished={\url{http://tools.ietf.org/html/draft-touch-tcpm-automatic-iw-03}},
    year={2012}
}

@misc{the-case-for-rdma,
title = {{The case for RDMA}},
howpublished={\url{http://rdmaconsortium.org/home/The_Case_for_RDMA020531.pdf}},
year = {2002},
author = {Jim Pinkerton},
}

@misc{dumazet-pacing-patch,
title = {{TCP: Internal implementation for pacing}},
howpublished={\url{https://patchwork.ozlabs.org/patch/762899/}},
year= {2017},
author = {Eric Dumazet},
}

@misc{quic-sender-interface,
title = {{QUIC sender interface}},
howpublished={\url{https://chromium.googlesource.com/chromium/src/net/+/master/quic/core/congestion_control/send_algorithm_interface.h}},
author = {{The Chromium Authors}},
note = {[Online, Retrieved August 2, 2017]},
}

@misc{fq-scheduler,
title = {{TSO sizing and the FQ scheduler}},
howpublished={\url{https://lwn.net/Articles/564978/}},
author = {{Jonathan Corbet}},
year = {2013},
}

@misc{aspera,
    title={{Aspera - High-speed File Transfer Technology - Asperasoft}},
    howpublished={\url{http://asperasoft.com/technology/}},
}

@misc{wroclawski,
    title={{TCP ex Machina}},
    author={Wroclawski, John},
    howpublished={\url{http://www.postel.org/pipermail/end2end-interest/2013-July/008914.html}},
    year={2013}
}

@misc{chu2012increasing,
    title={{Increasing TCP's Initial Window}},
    author={Chu, J. and Dukkipati, N. and Cheng, Y. and Mathis, M.},
    howpublished = {\url{http://tools.ietf.org/html/draft-ietf-tcpm-initcwnd-08}},
    year={2013}
}

@article{dukkipati2010argument,
    title={{An Argument for Increasing TCP's Initial Congestion Window}},
    author={Dukkipati, N. and Refice, T. and Cheng, Y. and Chu, J. and Herbert, T. and Agarwal, A. and Jain, A. and Sutin, N.},
    journal={ACM SIGCOMM Computer Communication Review},
    volume={40},
    number={3},
    pages={27--33},
    year={2010}
}

@article{rcpstable,
    title={{Stability analysis of explicit congestion control protocols}},
    author={Balakrishnan, Hamsa and Dukkipati, Nandita and McKeown, Nick and Tomlin, Claire J},
    journal={{IEEE Communications Letters}},
    volume={11},
    number={10},
    year={2007},
}

@misc{allman2010init,
    title = {{Initial Congestion Window Specification}},
    author = "M. Allman",
    howpublished = {\url{http://tools.ietf.org/html/draft-allman-tcpm-bump-initcwnd-00}},
    year = 2010,
}

@book{Srikant,
    title={{The Mathematics of Internet Congestion Control}},
    author={Srikant, R.},
    year={2004},
    publisher={Birkhauser}
}

@inproceedings{Akella02,
    title={{Selfish Behavior and Stability of the Internet: A Game-Theoretic Analysis of TCP}},
    author={Akella, A. and Seshan, S. and Karp, R. and Shenker, S. and Papadimitriou, C.},
    booktitle={SIGCOMM},
    year={2002},
}

@inproceedings{Tan09,
    author = "T. Lan and D. Kao and M. Chiang and A. Sabharwal",
    title = {{An Axiomatic Theory of Fairness}},
    booktitle = {INFOCOM},
    year = 2010,
}

@article{chiujain,
    author = "Chiu, D-M. and Jain, R.",
    title = {{Analysis of the Increase and Decrease Algorithms for Congestion Avoidance in Computer Networks}},
    journal = "{Computer Networks and ISDN Systems}",
    year = 1989,
    volume = 17,
    pages = {1--14},
}


@article{decbit,
    author = "Ramakrishnan, K. K. and Jain, R.",
    title  = {{A Binary Feedback Scheme for Congestion Avoidance in Computer Networks}},
    journal = {ACM Trans. on Comp. Sys.},
    month = May,
    year = 1990,
    volume = 8,
    number = 2,
    pages = {158--181},
}

@inproceedings{dccp,
    title={{Designing DCCP: Congestion control Without Reliability}},
    author="Kohler, E. and Handley, M. and Floyd, S.",
    booktitle={SIGCOMM},
    year={2006},
}

@article{allman-ccr-trace,
    author = "M. Allman",
    title = {{Comments on Bufferbloat}},
    journal = "{ACM SIGCOMM Computer Communication Review}",
    volume = 43,
    number = 1,
    month = jan,
    year = 2013,
}

@article{Bernstein2002,
    title = {{The Complexity of Decentralized Control of Markov Decision Processes}},
    author = "Daniel S. Bernstein and Robert Givan and Neil Immerman and Shlomo Zilberstein",
    journal = "{Mathematics of Operations Research}",
    volume = 27,
    number = 4,
    pages = {819--840},
    month = nov,
    year = 2002,
}


@inproceedings{Oliehoek2012,
    author = "Frans A. Oliehoek",
    title = {{Decentralized POMDPs}},
    booktitle = "{In Reinforcement Learning: State of the Art, Adaptation, Learning, and Optimization}",
    pages = {471--503},
    year = 2012,
}

@book{hofstadter1985metamagical,
    title={{Metamagical Themas: Questing for the Essence of Mind and Pattern}},
    author={Hofstadter, D.},
    year={1985},
    publisher={Basic books}
}

@article{octree,
    title={{Geometric Modeling Using Octree Encoding}},
    author="Meagher, Donald",
    journal="{Computer Graphics and Image Processing}",
    volume={19},
    number={2},
    pages={129--147},
    year={1982},
}

@inproceedings{sfq,
    title={{Stochastic Fairness Queueing}},
    author={{McKenney, Paul E}},
    booktitle={INFOCOM},
    year={1990},
}

@INPROCEEDINGS{linkoverload,
    author={Iyer, S. and Bhattacharyya, Supratik and Taft, N. and Diot, C.},
    booktitle={INFOCOM 2003. Twenty-Second Annual Joint Conference of the IEEE Computer and Communications. IEEE Societies},
    title={{An approach to alleviate link overload as observed on an IP backbone}},
    year={2003},
    volume={1},
    pages={406-416 vol.1},
    keywords={routing protocols;telecommunication congestion control;telecommunication links;transport protocols;IP backbone topology;Sprint backbone network;deflection routing algorithm;link failure;link overload;link weights;loop-free deflection paths;network measurements;shortest path routing protocols;Availability;Costs;Load management;Network topology;Resilience;Routing protocols;Spine;Telecommunication traffic;Throughput;Traffic control},
    doi={10.1109/INFCOM.2003.1208692},
    ISSN={0743-166X},
}

@article{sprintip,
    author = {Fraleigh, C. and Moon, S. and Lyles, B. and Cotton, C. and Khan, M. and Moll, D. and Rockell, R. and Seely, T. and Diot, S. C.},
    title = {{Packet-level Traffic Measurements from the Sprint IP Backbone}},
    journal = {Netwrk. Mag. of Global Internetwkg.},
    issue_date = {November 2003},
    volume = {17},
    number = {6},
    month = nov,
    year = {2003},
    issn = {0890-8044},
    pages = {6--16},
    numpages = {11},
    url = {http://dx.doi.org/10.1109/MNET.2003.1248656},
    doi = {10.1109/MNET.2003.1248656},
    acmid = {2329631},
    publisher = {IEEE Press},
    address = {Piscataway, NJ, USA},
}

@inproceedings{nwksleep,
    author = {Nedevschi, Sergiu and Popa, Lucian and Iannaccone, Gianluca and Ratnasamy, Sylvia and Wetherall, David},
    title = {{Reducing Network Energy Consumption via Sleeping and Rate-adaptation}},
    booktitle = {NSDI},
    year = {2008},
}

@article{walrand,
    author = {Mo, Jeonghoon and Walrand, Jean},
    title = {{Fair End-to-end Window-based Congestion Control}},
    journal = {IEEE/ACM Trans. Netw.},
    issue_date = {Oct. 2000},
    volume = {8},
    number = {5},
    month = oct,
    year = {2000},
    issn = {1063-6692},
    pages = {556--567},
    numpages = {12},
    url = {http://dx.doi.org/10.1109/90.879343},
    doi = {10.1109/90.879343},
    acmid = {355156},
    publisher = {IEEE Press},
    address = {Piscataway, NJ, USA},
    keywords = {TCP, bandwidth sharing, congestion control, fairness, window},
}

@inproceedings{remy,
    author =       "Keith Winstein and Hari Balakrishnan",
    title =        {{TCP ex Machina: Computer-Generated Congestion Control}},
    booktitle =    {SIGCOMM},
    year =         {2013},
}

@article{learnable,
    author = {Valiant, L. G.},
    title = {{A Theory of the Learnable}},
    journal = {CACM},
    volume = {27},
    number = {11},
    month = nov,
    year = {1984},
    pages = {1134--1142},
}

@article{schapire,
    title={{The Strength of Weak Learnability}},
    author={Schapire, Robert E},
    journal={Machine learning},
    volume={5},
    number={2},
    pages={197--227},
    year={1990},
}
@inproceedings{router-buffers,
    author = {Appenzeller, Guido and Keslassy, Isaac and McKeown, Nick},
    title = {{Sizing Router Buffers}},
    booktitle = {SIGCOMM},
    year = {2004},
}

@ARTICLE{MOSCC,
    author={Habachi, O. and Yusuo Hu and van der Schaar, M. and Hayel, Y. and Feng Wu},
    journal={Selected Areas in Communications, IEEE Journal on},
    title={{MOS-Based Congestion Control for Conversational Services in Wireless Environments}},
    year={2012},
    month={August},
    volume={30},
    number={7},
    pages={1225-1236},
    doi={10.1109/JSAC.2012.120808},
    ISSN={0733-8716},
}

@INPROCEEDINGS{edsallalizadeh,
    author={Alizadeh, M. and Edsall, T.},
    booktitle={High-Performance Interconnects (HOTI), 2013 IEEE 21st Annual Symposium on},
    title={{On the Data Path Performance of Leaf-Spine Datacenter Fabrics}},
    year={2013},
    month={Aug},
    pages={71-74},
    doi={10.1109/HOTI.2013.23},
}

@article{transitstub,
    title={{Modeling Internet Topology}},
    author={Calvert, Kenneth L and others},
    journal={IEEE C.M.},
    volume={35},
    number={6},
    pages={160--163},
    year={1997},
}

@article{fct-nandita,
    author = {Dukkipati, Nandita and McKeown, Nick},
    title = {{Why Flow-completion Time is the Right Metric for Congestion Control}},
    journal = {SIGCOMM Comput. Commun. Rev.},
    issue_date = {January 2006},
    volume = {36},
    number = {1},
    month = jan,
    year = {2006},
    issn = {0146-4833},
    pages = {59--62},
    numpages = {4},
    url = {http://doi.acm.org/10.1145/1111322.1111336},
    doi = {10.1145/1111322.1111336},
    acmid = {1111336},
    publisher = {ACM},
    address = {New York, NY, USA},
}

@inproceedings{maxmargin,
    author = {Boser, Bernhard E. and Guyon, Isabelle M. and Vapnik, Vladimir N.},
    title = {{A Training Algorithm for Optimal Margin Classifiers}},
    booktitle = {COLT},
    year = {1992},
}

@inproceedings {senic,
author = "Sivasankar Radhakrishnan and Yilong Geng and Vimalkumar Jeyakumar and Abdul Kabbani and George Porter and Amin Vahdat",
title = {{SENIC}: Scalable {NIC} for End-Host Rate Limiting},
booktitle = {NSDI},
year = {2014},
}

@inproceedings{netfpga-pacer,
title = {{High-performance implementation of in-network traffic pacing}},
author = {{Hanay, Y.S. and Dwaraki, A. and Wolf, T.}},
booktitle = {{High Performance Switching and Routing (HPSR), 2011 IEEE 12th
                  International Conference on}},
year = {2011},
}

@inproceedings{b4,
 author = {Jain, Sushant and Kumar, Alok and Mandal, Subhasree and Ong, Joon and Poutievski, Leon and Singh, Arjun and Venkata, Subbaiah and Wanderer, Jim and Zhou, Junlan and Zhu, Min and Zolla, Jon and H\"{o}lzle, Urs and Stuart, Stephen and Vahdat, Amin},
 title = {{B4: Experience with a Globally-deployed Software Defined WAN}},
 booktitle = {SIGCOMM},
 year = 2013,
}

@inproceedings{timely,
    author = {Mittal, Radhika and Lam, Vinh The and Dukkipati, Nandita and Blem, Emily and Wassel, Hassan and Ghobadi, Monia and Vahdat, Amin and Wang, Yaogong and Wetherall, David and Zats, David},
    title = {{TIMELY: RTT-based Congestion Control for the Datacenter}},
    booktitle = {SIGCOMM},
    year = 2015,
}

@inproceedings{numfabric,
    author = {Nagaraj, Kanthi and Bharadia, Dinesh and Mao, Hongzi and Chinchali, Sandeep and Alizadeh, Mohammad and Katti, Sachin},
    title = {{NUMFabric: Fast and Flexible Bandwidth Allocation in Datacenters}},
    booktitle = {SIGCOMM},
    year = {2016},
}

@inproceedings {netbricks,
    author = {Aurojit Panda and Sangjin Han and Keon Jang and Melvin Walls and Sylvia Ratnasamy and Scott Shenker},
    title = {{NetBricks: Taking the V out of NFV}},
    series = {OSDI 2016},
}

@misc {intel-turboboost,
    title = {{Intel Turbo Boost}},
    howpublished = "\url{https://www.intel.com/content/www/us/en/architecture-and-technology/turbo-boost/turbo-boost-technology.html}",
}

@misc {dpdk,
    key="dpdk",
    title = {{DPDK}},
    howpublished = "\url{http://dpdk.org/}",
}

@misc {rustfft,
key="rustfft",
    title = {{rustfft}},
    howpublished = "\url{https://crates.io/crates/rustfft}",
}

@inproceedings{marple,
    author = {Srinivas Narayana and Anirudh Sivaraman and Vikram Nathan and Prateesh Goyal and Venkat Arun and Mohammad Alizadeh and Vimal Jeyakumar and Changhoon Kim},
    title = {{Language-directed Hardware Design for Network Performance Monitoring}},
    series = {SIGCOMM 2017},
}

@inproceedings {disaggregation,
    author = {Peter X. Gao and Akshay Narayan and Sagar Karandikar and Joao Carreira and Sangjin Han and Rachit Agarwal and Sylvia Ratnasamy and Scott Shenker},
    title = {{Network Requirements for Resource Disaggregation}},
    series = {OSDI 2016},
}

@inproceedings{exokernel,
    author = "Engler, D. R. and Kaashoek, M. F. and O'Toole,Jr., J.",
    title = {{Exokernel: An Operating System Architecture for Application-level Resource Management}},
    booktitle = {SOSP},
    year = {1995},
}

@inproceedings{dune,
    author = {Belay, Adam and Bittau, Andrea and Mashtizadeh, Ali and Terei, David and Mazi\`{e}res, David and Kozyrakis, Christos},
    title = {{Dune: Safe User-level Access to Privileged CPU Features}},
    booktitle = {OSDI},
    year = {2012},
}

@inproceedings{netfpga,
    author = {Zilberman, Noa and Audzevich, Yury and Kalogeridou, Georgina and Manihatty-Bojan, Neelakandan and Zhang, Jingyun and Moore, Andrew},
    title = {{NetFPGA: Rapid Prototyping of Networking Devices in Open Source}},
    booktitle = {SIGCOMM},
    year = {2015},
}

@inproceedings{rc3,
    title={{Recursively Cautious Congestion Control}},
    author="Mittal, Radhika and Sherry, Justine and Ratnasamy, Sylvia and Shenker, Scott",
    booktitle={NSDI},
    year={2014}
}

@inproceedings{gentleaggression,
    title={{Reducing Web Latency: The Virtue of Gentle Aggression}},
    author="Flach, Tobias and Dukkipati, Nandita and Terzis, Andreas and Raghavan, Barath and Cardwell, Neal and Cheng, Yuchung and Jain, Ankur and Hao, Shuai and Katz-Bassett, Ethan and Govindan, Ramesh",
    booktitle = {SIGCOMM},
    year={2013},
}

@inproceedings{msft-ltl,
    title={{A Cloud-Scale Acceleration Architecture}},
    author="Adrian M. Caulfield  and  Eric S. Chung  and  Andrew Putnam  and  Hari Angepat  and  Jeremy Fowers  and  Michael Haselman  and  Stephen Heil  and  Matt Humphrey  and  Puneet Kaur  and  Joo-Young Kim  and  Daniel Lo  and  Todd Massengill  and  Kalin Ovtcharov  and  Michael Papamichael  and  Lisa Woods  and  Sitaram Lanka  and  Derek Chiou  and  Doug Burger",
    booktitle = {MICRO},
    year={2016},
}

@misc{hardware-timestamps-nic,
howpublished={\url{http://www.ntop.org/pf_ring/hardware-timestamps-with-pf_ring/}},
title = {{Using Hardware Timestamps with PF\_RING}},
year = {2011},
key = {ntop},
}

@inproceedings{msft-prognic,
    title={{VFP: A Virtual Switch Platform for Host SDN in the Public Cloud}},
    author={Daniel Firestone},
    booktitle={NSDI},
    year={2017},
}

@inproceedings{fastpass,
    title = {{Fastpass: A Centralized "Zero-queue" Datacenter Network}},
    author = {Perry, Jonathan and Ousterhout, Amy and Balakrishnan, Hari and Shah, Devavrat and Fugal, Hans},
    booktitle = {SIGCOMM},
    year = {2014},
}

@inproceedings{flowtune,
    title = {{Flowtune: Flowlet Control for Datacenter Networks}},
    author = {Jonathan Perry and Hari Balakrishnan and Devavrat Shah},
    booktitle={NSDI},
    year={2017},
}

@misc{lwn-stateless-offloads,
    title = {{Checksum Offloads and Protocol Ossification}},
    author = {Jonathan Corbet},
    howpublished = {\url{https://lwn.net/Articles/667059/}},
    year = {2015},
}

@misc{sampled-control,
title = {{Sampling and Sampled-Data Systems}},
author= {Jerome Le Ny},
howpublished = {\url{http://www.professeurs.polymtl.ca/jerome.le-ny/teaching/NECS_Spring11/notes/3_sampling/3_sampling.pdf}},
note = {[Online, Retrieved August 3, 2017]}
}

@inproceedings{synquid,
    author = {Nadia Polikarpova and Ivan Kuraj and Armando Solar-Lezama},
    title = {{Program Synthesis from Polymorphic Refinement Types}},
    booktitle = {PLDI},
    year = {2016},
}

@misc{xps,
title = {{Chelsio Traffic Classification and Filtering Solution Overview}},
howpublished={\url{https://www.chelsio.com/classification-and-filtering-solution/}},
note = {[Online, Retrieved August 2, 2017]},
author = {{Chelsio Communications}},
}

@inproceedings{slow-cc,
 author = {Bansal, Deepak and Balakrishnan, Hari and Floyd, Sally and Shenker, Scott},
 title = {Dynamic Behavior of Slowly-responsive Congestion Control Algorithms},
 booktitle = {Proceedings of the 2001 Conference on Applications, Technologies, Architectures, and Protocols for Computer Communications},
 series = {SIGCOMM '01},
 year = {2001},
 isbn = {1-58113-411-8},
 location = {San Diego, California, USA},
 pages = {263--274},
 numpages = {12},
 url = {http://doi.acm.org/10.1145/383059.383080},
 doi = {10.1145/383059.383080},
 acmid = {383080},
 publisher = {ACM},
 address = {New York, NY, USA},
}

@book{webrtc,
  title={{WebRTC: APIs and RTCWEB Protocols of the HTML5 Real-time Web}},
  author="Johnston, Alan B. and Burnett, Daniel C.",
  year={2012},
  publisher={Digital Codex LLC}
}

@inproceedings{mosh,
  title="{Mosh: An Interactive Remote Shell for Mobile Clients}",
  author="Winstein, Keith and Balakrishnan, Hari",
  booktitle="{USENIX Annual Technical Conference}",
  year={2012},
}

@inproceedings{mptcp,
  title="{Design, Implementation and Evaluation of Congestion Control for Multipath TCP}",
  author="Wischik, Damon and Raiciu, Costin and Greenhalgh, Adam and Handley, Mark",
  booktitle={NSDI},
  year={2011},
}

@inproceedings{ccp-hotnets,
   author =       "Akshay Narayan and Frank J. Cangialosi and Prateesh Goyal and  Srinivas Narayana and Mohammad Alizadeh and Hari Balakrishnan",
   title =        "{The Case for Moving Congestion Control Out of the Datapath}",
   booktitle =    {HotNets},
   year =         {2017},
}

@inproceedings{lxfi,
  title="{Software Fault Isolation with API Integrity and Multi-Principal Modules}",
  author="Mao, Yandong and Chen, Haogang and Zhou, Dong and Wang, Xi and Zeldovich, Nickolai and Kaashoek, M Frans",
  booktitle={SOSP},
  year={2011},
}

@article{thekkath,
  title={Implementing network protocols at user level},
  author={Thekkath, Chandramohan A and Nguyen, Thu D and Moy, Evelyn and Lazowska, Edward D},
  journal={IEEE/ACM Transactions on Networking (TON)},
  volume={1},
  number={5},
  pages={554--565},
  year={1993},
  publisher={IEEE Press}
}

@inproceedings{alpine,
  title={Alpine: A User-Level Infrastructure for Network Protocol Development.},
  author={Ely, David and Savage, Stefan and Wetherall, David},
  booktitle={USITS},
  volume={1},
  pages={15--15},
  year={2001}
}

@inproceedings{hotcocoa,
 author = {Arashloo, Mina Tahmasbi and Ghobadi, Monia and Rexford, Jennifer and Walker, David},
 title = {{HotCocoa: Hardware Congestion Control Abstractions}},
 booktitle = {HotNets},
 year = {2017},
 url = {http://doi.acm.org/10.1145/3152434.3152457},
}

@inproceedings{icTCP,
 author = "Gunawi, Haryadi S. and Arpaci-Dusseau, Andrea C. and Arpaci-Dusseau, Remzi H.",
 title = "{Deploying Safe User-level Network Services with icTCP}",
 booktitle = {OSDI},
 year = {2004},
}

@inproceedings{sfi,
 author = {Wahbe, Robert and Lucco, Steven and Anderson, Thomas E. and Graham, Susan L.},
 title = {{Efficient Software-based Fault Isolation}},
 booktitle = {SOSP},
 year = {1993},
} 

@inproceedings{xfi,
 author = {Erlingsson, \'{U}lfar and Abadi, Mart\'{\i}n and Vrable, Michael and Budiu, Mihai and Necula, George C.},
 title = {{XFI: Software Guards for System Address Spaces}},
 booktitle = {OSDI},
 year = {2006},
} 


@inproceedings{janus,
author = {Thomas, I and Goldberg, Ian and Wagner, David and Thomas, Randi and Brewer, Eric},
booktitle = {Proceedings of the 6th conference on USENIX Security Symposium},
year = {2001},
title = {{A Secure Environment for Untrusted Helper Applications (Confining the Wily Hacker)}}
}

@INPROCEEDINGS{systrace,
    author = {Niels Provos},
    title = {Improving Host Security with System Call Policies},
    booktitle = {Proceedings of the 12th Usenix Security Symposium},
    year = {2002},
}
@inproceedings{elasticrss,
author = {Rucker, Alexander and Shahbaz, Muhammad and Swamy, Tushar and Olukotun, Kunle},
title = {{Elastic RSS: Co-Scheduling Packets and Cores Using Programmable NICs}},
year = {2019},
booktitle = {APNet},
}
  
@inproceedings{xdpsteer,
author = {Enberg, Pekka and Rao, Ashwin and Tarkoma, Sasu},
title = {{Partition-Aware Packet Steering Using XDP and EBPF for Improving Application-Level Parallelism}},
year = {2019},
booktitle = {ENCP}
}
  
@inproceedings{panic,
author = {Stephens, Brent and Akella, Aditya and Swift, Michael M.},
title = {{Your Programmable NIC Should Be a Programmable Switch}},
year = {2018},
booktitle = {HotNets}
}

@inproceedings{bertha-hotnets, 
title = {{Bertha: Tunneling through the Network API.}},
author = {Akshay Narayan and Aurojit Panda and Mohammad Alizadeh and Hari Balakrishnan and Arvind Krishnamurthy and Scott Shenker},
booktitle = {HotNets},
year = {2020},
}

@inproceedings{az-accelnet,
author = {Daniel Firestone and Andrew Putnam and Sambhrama Mundkur and Derek Chiou and Alireza Dabagh and Mike Andrewartha and Hari Angepat and Vivek Bhanu and Adrian Caulfield and Eric Chung and Harish Kumar Chandrappa and Somesh Chaturmohta and Matt Humphrey and Jack Lavier and Norman Lam and Fengfen Liu and Kalin Ovtcharov and Jitu Padhye and Gautham Popuri and Shachar Raindel and Tejas Sapre and Mark Shaw and Gabriel Silva and Madhan Sivakumar and Nisheeth Srivastava and Anshuman Verma and Qasim Zuhair and Deepak Bansal and Doug Burger and Kushagra Vaid and David A. Maltz and Albert Greenberg},
title = {{Azure Accelerated Networking: SmartNICs in the Public Cloud}},
booktitle = {NSDI},
year = {2018},
}

@misc{windows-localhost-tcp-fastpath,
author = {{Microsoft}},
title = {{Fast TCP Loopback Performance and Low Latency with Windows Server 2012 TCP Loopback Fast Path}},
howpublished = {\url{https://docs.microsoft.com/en-us/archive/blogs/wincat/fast-tcp-loopback-performance-and-low-latency-with-windows-server-2012-tcp-loopback-fast-path}},
}

@misc{linux-localhost-tcp-fastpath,
author = {{Bruce Curtis}},
title = {{net-tcp: TCP/IP stack bypass for loopback connections}},
howpublished = {\url{https://www.spinics.net/lists/netdev/msg210741.html}},
}

@misc{amazon-alb,
author = {{Jeff Barr}},
title = {{New – Advanced Request Routing for AWS Application Load Balancers}},
howpublished = {\url{https://aws.amazon.com/blogs/aws/new-advanced-request-routing-for-aws-application-load-balancers/}},
}

@misc{mysql-cluster,
author = {{Andrew Morgan}},
title = {{How MySQL is able to scale to 200 Million QPS - MySQL Cluster}},
howpublished = {\url{http://highscalability.com/blog/2015/5/18/how-mysql-is-able-to-scale-to-200-million-qps-mysql-cluster.html}},
}

@inproceedings {fb-mcrouter,
author = {Rajesh Nishtala and Hans Fugal and Steven Grimm and Marc Kwiatkowski and Herman Lee and Harry C. Li and Ryan McElroy and Mike Paleczny and Daniel Peek and Paul Saab and David Stafford and Tony Tung and Venkateshwaran Venkataramani},
title = {{Scaling Memcache at Facebook}},
booktitle = {NSDI},
year = {2013},
}

@inproceedings {azurevfp,
author = {Daniel Firestone},
title = {{{VFP}: A Virtual Switch Platform for Host {SDN} in the Public Cloud}},
booktitle = {NSDI},
year = {2017},
}

@inproceedings{netcache,
author = {Jin, Xin and Li, Xiaozhou and Zhang, Haoyu and Soul\'{e}, Robert and Lee, Jeongkeun and Foster, Nate and Kim, Changhoon and Stoica, Ion},
title = {{NetCache: Balancing Key-Value Stores with Fast In-Network Caching}},
booktitle = {SOSP},
year = {2017},
}

@inproceedings {nopaxos,
author = {Jialin Li and Ellis Michael and Naveen Kr. Sharma and Adriana Szekeres and Dan R. K. Ports},
title = {{Just Say {NO} to Paxos Overhead: Replacing Consensus with Network Ordering}},
booktitle = {OSDI},
year = {2016},
}

@article{zave,
author = {Zave, Pamela and Rexford, Jennifer},
title = {{The Compositional Architecture of the Internet}},
year = {February 2019},
journal = {CACM},
}

@inproceedings{demikernel,
author = {Zhang, Irene and Liu, Jing and Austin, Amanda and Roberts, Michael Lowell and Badam, Anirudh},
title = {{I’m Not Dead Yet! The Role of the Operating System in a Kernel-Bypass Era}},
year = {2019},
booktitle = {HotOS},
}

@inproceedings{hotos-network-computer,
author = {Ports, Dan R. K. and Nelson, Jacob},
title = {{When Should the Network be the Computer?}},
year = {2019},
booktitle = {HotOS},
}

@inproceedings {maglev,
author = {Daniel E. Eisenbud and Cheng Yi and Carlo Contavalli and Cody Smith and Roman Kononov and Eric Mann-Hielscher and Ardas Cilingiroglu and Bin Cheyney and Wentao Shang and Jinnah Dylan Hosein},
title = {{Maglev: A Fast and Reliable Software Network Load Balancer}},
booktitle = {{NSDI}},
year = {2016},
}

@inproceedings{io-device-service,
author = {Sani, Ardalan Amiri and Anderson, Thomas},
title = {{The Case for I/O-Device-as-a-Service}},
year = {2019},
booktitle = {HotOS},
}

@inproceedings{parakernel,
author = {Enberg, Pekka and Rao, Ashwin and Tarkoma, Sasu},
title = {{I/O Is Faster Than the CPU: Let’s Partition Resources and Eliminate (Most) OS Abstractions}},
year = {2019},
booktitle = {HotOS},
}


@inproceedings{floem,
author = {Phothilimthana, Phitchaya Mangpo and Liu, Ming and Kaufmann, Antoine and Peter, Simon and Bodik, Rastislav and Anderson, Thomas},
title = {{Floem: A Programming System for NIC-Accelerated Network Applications}},
year = {2018},
booktitle = {OSDI},
}

@inproceedings{tas,
author = {Kaufmann, Antoine and Stamler, Tim and Peter, Simon and Sharma, Naveen Kr. and Krishnamurthy, Arvind and Anderson, Thomas},
title = {{TAS: TCP Acceleration as an OS Service}},
year = {2019},
url = {https://doi.org/10.1145/3302424.3303985},
series = {EuroSys}
}

@inproceedings {mom,
author = {Dan R. K. Ports and Jialin Li and Vincent Liu and Naveen Kr. Sharma and Arvind Krishnamurthy},
title = {{Designing Distributed Systems Using Approximate Synchrony in Data Center Networks}},
booktitle = {NSDI},
year = {2015},
}

@inproceedings {slim,
author = {Danyang Zhuo and Kaiyuan Zhang and Yibo Zhu and Hongqiang Harry Liu and Matthew Rockett and Arvind Krishnamurthy and Thomas Anderson},
title = {{Slim: OS Kernel Support for a Low-Overhead Container Overlay Network}},
booktitle = {{NSDI}},
year = {2019},
}

@inproceedings{sincronia,
author = {Agarwal, Saksham and Rajakrishnan, Shijin and Narayan, Akshay and Agarwal, Rachit and Shmoys, David and Vahdat, Amin},
title = {{Sincronia: Near-Optimal Network Design for Coflows}},
year = {2018},
booktitle = {SIGCOMM},
}

@inproceedings{varys,
author = {Chowdhury, Mosharaf and Zhong, Yuan and Stoica, Ion},
title = {{Efficient Coflow Scheduling with Varys}},
year = {2014},
booktitle = {SIGCOMM},
}

@article{akamai1,
author = {Nygren, Erik and Sitaraman, Ramesh K. and Sun, Jennifer},
title = {{The Akamai Network: A Platform for High-Performance Internet Applications}},
year = {August 2010},
journal = {SIGOPS Oper. Syst. Rev.},
}

@article{akamai2,
author = {Maggs, Bruce M. and Sitaraman, Ramesh K.},
title = {Algorithmic Nuggets in Content Delivery},
year = {July 2015},
journal = {SIGCOMM CCR},
}

@misc{netcalls,
author = {Sherry, Justine and Kim, Daniel and Mahalingam, Seshadri and Tang, Amy and Wang, Steve and Ratnasamy, Sylvia},
title = {{Netcalls: End Host Function Calls to Network Traffic Processing Services}},
year = {2012},
howpublished = {UC Berkeley Technical Report No. UCB/EECS-2012-175. \url{http://www.eecs.berkeley.edu/Pubs/TechRpts/2012/EECS-2012-175.html}},
}

@inproceedings{r2p2,
author = {Marios Kogias and George Prekas and Adrien Ghosn and Jonas Fietz and Edouard Bugnion},
title = {{R2P2: Making RPCs first-class datacenter citizens}},
booktitle = {{USENIX ATC}},
year = {2019},
}

@inproceedings {freeflow,
author = {Daehyeok Kim and Tianlong Yu and Hongqiang Harry Liu and Yibo Zhu and Jitu Padhye and Shachar Raindel and Chuanxiong Guo and Vyas Sekar and Srinivasan Seshan},
title = {{FreeFlow: Software-based Virtual {RDMA} Networking for Containerized Clouds}},
booktitle = {{NSDI}},
year = {2019},
}

@inproceedings{weld,
author = {Palkar, Shoumik and Thomas, James and Narayanan, Deepak and Thaker, Pratiksha and Palamuttam, Rahul and Negi, Parimajan and Shanbhag, Anil and Schwarzkopf, Malte and Pirk, Holger and Amarasinghe, Saman and Madden, Samuel and Zaharia, Matei},
title = {{Evaluating End-to-End Optimization for Data Analytics Applications in Weld}},
year = {2018},
booktitle = {VLDB},
}

@inproceedings{kay-nsdi-paper,
author = {Kay Ousterhout and Ryan Rasti and Sylvia Ratnasamy and Scott Shenker and Byung-Gon Chun},
title = {{Making Sense of Performance in Data Analytics Frameworks}},
booktitle = {{NSDI}},
year = {2015},
}

@inproceedings {firmament,
author = {Ionel Gog and Malte Schwarzkopf and Adam Gleave and Robert N. M. Watson and Steven Hand},
title = {{Firmament: Fast, Centralized Cluster Scheduling at Scale}},
booktitle = {{OSDI}},
year = {2016},
}

@inproceedings{decima,
author = {Mao, Hongzi and Schwarzkopf, Malte and Venkatakrishnan, Shaileshh Bojja and Meng, Zili and Alizadeh, Mohammad},
title = {{Learning Scheduling Algorithms for Data Processing Clusters}},
year = {2019},
booktitle = {{SIGCOMM}},
}

@inproceedings {arrakis,
author = {Simon Peter and Jialin Li and Irene Zhang and Dan R. K. Ports and Doug Woos and Arvind Krishnamurthy and Thomas Anderson and Timothy Roscoe},
title = {{Arrakis: The Operating System is the Control Plane}},
booktitle = {{OSDI}},
year = {2014},
}

@inproceedings{yarn,
author = {Vavilapalli, Vinod Kumar and Murthy, Arun C. and Douglas, Chris and Agarwal, Sharad and Konar, Mahadev and Evans, Robert and Graves, Thomas and Lowe, Jason and Shah, Hitesh and Seth, Siddharth and Saha, Bikas and Curino, Carlo and O’Malley, Owen and Radia, Sanjay and Reed, Benjamin and Baldeschwieler, Eric},
title = {{Apache Hadoop YARN: Yet Another Resource Negotiator}},
year = {2013},
booktitle = {{SoCC}},
}
  
@inproceedings{ycsb,
author = {Cooper, Brian F. and Silberstein, Adam and Tam, Erwin and Ramakrishnan, Raghu and Sears, Russell},
title = {{Benchmarking Cloud Serving Systems with YCSB}},
year = {2010},
booktitle = {SoCC},
}

@inproceedings{picnic,
author = {Kumar, Praveen and Dukkipati, Nandita and Lewis, Nathan and Cui, Yi and Wang, Yaogong and Li, Chonggang and Valancius, Valas and Adriaens, Jake and Gribble, Steve and Foster, Nate and Vahdat, Amin},
title = {{PicNIC: Predictable Virtualized NIC}},
year = {2019},
booktitle = {{SIGCOMM}},
}

@inproceedings{p4visor,
author = {Zheng, Peng and Benson, Theophilus and Hu, Chengchen},
title = {{P4Visor: Lightweight Virtualization and Composition Primitives for Building and Testing Modular Programs}},
year = {2018},
booktitle = {{CoNEXT}},
}

@misc{hyperv,
author = {Microsoft},
title = {{Introduction to Hyper-V on Windows 10}},
howpublished = {\url{https://docs.microsoft.com/en-us/virtualization/hyper-v-on-windows/about/}},
}

@misc{tensorflow-xla,
author = {Google},
title = {{XLA: Optimizing Compiler for Machine Learning}},
howpublished = {\url{https://www.tensorflow.org/xla/}},
}

@article{e2e,
author = {Saltzer, J. H. and Reed, D. P. and Clark, D. D.},
title = {{End-to-End Arguments in System Design}},
year = {Nov. 1984},
journal = {ACM ToCS},
}

@article{active-nets,
author = {Tennenhouse, David L. and Wetherall, David J.},
title = {{Towards an Active Network Architecture}},
year = {October 2007},
journal = {SIGCOMM CCR},
}

@misc{capnproto,
author = {Cap'n Proto Authors},
title = {{Cap'n Proto Cerealization Protocol}},
howpublished = {\url{https://capnproto.org/}},
}

@misc{protobuf,
author = {Google},
title = {{Protocol Buffers}},
howpublished = {\url{https://developers.google.com/protocol-buffers/}},
}

@misc{zephyr,
author = {Zephyr Project},
title = {{Zephyr Project}},
howpublished = {\url{https://www.zephyrproject.org/}},
}

@misc{katran,
author = {Facebook},
title = {{Katran}},
howpublished = {\url{https://github.com/facebookincubator/katran}},
}

@misc{thrift,
author = {Apache},
title = {{Thrift}},
howpublished = {\url{https://thrift.apache.org/}},
}

@misc{apache-arrow,
author = {Apache},
title = {{Arrow}},
howpublished = {\url{https://arrow.apache.org/}},
}

@misc{grpc,
author = {Google},
title = {{gRPC}},
howpublished = {\url{https://grpc.io/}},
}

@misc{flatbuffers,
author = {Google},
title = {{Flatbuffers}},
howpublished = {\url{https://google.github.io/flatbuffers/}},
}

@misc{redis,
author = {RedisLabs},
title = {{Redis}},
howpublished = {\url{https://redis.io/}},
}

@misc{elb,
author = {Amazon},
title = {{Elastic Load Balancing}},
howpublished = {\url{https://aws.amazon.com/elasticloadbalancing/}},
}

@misc{onnx,
author = {ONNX},
title = {{Open Neural Network Exchange}},
howpublished = {\url{https://onnx.ai/}},
}

@misc{cloudflare-workers,
author = {Cloudflare},
title = {{Cloudflare Workers}},
howpublished = {\url{https://workers.cloudflare.com/}},
}

@article{Hancock2016HyPer4UP,
  title={{HyPer4: Using P4 to Virtualize the Programmable Data Plane}},
  author={David Hancock and Jacobus E. van der Merwe},
  journal={CoNEXT},
  year={2016}
}

@article{Zhang2017HyperVAH,
  title={{HyperV: A High Performance Hypervisor for Virtualization of the Programmable Data Plane}},
  author={Cheng Zhang and Jun Bi and Yu Zhou and Abdul Basit Dogar and Jianping Wu},
  journal={ICCCN},
  year={2017},
  pages={1-9}
}

@article{Zheng2018P4VisorLV,
  title={{P4Visor: lightweight virtualization and composition primitives for building and testing modular programs}},
  author={Peng Zheng and Theophilus Benson and Chengchen Hu},
  journal={CoNEXT},
  year={2018}
}

@inproceedings{Khawaja2018SharingPA,
  title={{Sharing, Protection, and Compatibility for Reconfigurable Fabric with AmorphOS}},
  author={Ahmed Khawaja and Joshua Landgraf and Rohith Prakash and Michael Wei and Eric Schkufza and Christopher J. Rossbach},
  booktitle={OSDI},
  year={2018}
}

@article{Yu2020AvAAV,
  title={{AvA: Accelerated Virtualization of Accelerators}},
  author={Hangchen Yu and Arthur Michener Peters and Amogh Akshintala and Christopher J. Rossbach},
  journal={ASPLOS},
  year={2020}
}

@inproceedings{xdp,
author = {H\o{}iland-J\o{}rgensen, Toke and Brouer, Jesper Dangaard and Borkmann, Daniel and Fastabend, John and Herbert, Tom and Ahern, David and Miller, David},
title = {{The EXpress Data Path: Fast Programmable Packet Processing in the Operating System Kernel}},
year = {2018},
booktitle = {{CoNEXT}},
}

@inproceedings{drf,
  title={{Dominant Resource Fairness: Fair Allocation of Multiple Resource Types}},
  author={Ghodsi, Ali and Zaharia, Matei and Hindman, Benjamin and Konwinski, Andy and Shenker, Scott and Stoica, Ion},
  booktitle={{NSDI}},
  year={2011}
}

@inproceedings{tensorflow,
  title={{Tensorflow: A System for Large-Scale Machine Learning}},
  author={Abadi, Mart{\'\i}n and Barham, Paul and Chen, Jianmin and Chen, Zhifeng and Davis, Andy and Dean, Jeffrey and Devin, Matthieu and Ghemawat, Sanjay and Irving, Geoffrey and Isard, Michael and others},
  booktitle={{OSDI}},
  year={2016}
}

@article{10.1145/2829988.2787488,
author = {Jalaparti, Virajith and Bodik, Peter and Menache, Ishai and Rao, Sriram and Makarychev, Konstantin and Caesar, Matthew},
title = {Network-Aware Scheduling for Data-Parallel Jobs: Plan When You Can},
year = {2015},
issue_date = {October 2015},
publisher = {Association for Computing Machinery},
address = {New York, NY, USA},
volume = {45},
number = {4},
issn = {0146-4833},
url = {https://doi.org/10.1145/2829988.2787488},
doi = {10.1145/2829988.2787488},
journal = {SIGCOMM Comput. Commun. Rev.},
month = aug,
pages = {407–420},
numpages = {14},
keywords = {data-intensive applications, cross-layer optimization, cluster schedulers, joint data and compute placement}
}
  
@inproceedings{corral,
author = {Jalaparti, Virajith and Bodik, Peter and Menache, Ishai and Rao, Sriram and Makarychev, Konstantin and Caesar, Matthew},
title = {{Network-Aware Scheduling for Data-Parallel Jobs: Plan When You Can}},
year = {2015},
booktitle = {{SIGCOMM}},
}
  
@inproceedings{DOA,
  title={{Middleboxes No Longer Considered Harmful}},
  author={Michael Walfish and Jeremy Stribling and Maxwell N. Krohn and Hari Balakrishnan and Robert Tappan Morris and Scott Shenker},
  booktitle={OSDI},
  year={2004}
}

@inproceedings{layered-naming-arch,
author = {Balakrishnan, Hari and Lakshminarayanan, Karthik and Ratnasamy, Sylvia and Shenker, Scott and Stoica, Ion and Walfish, Michael},
title = {{A Layered Naming Architecture for the Internet}},
year = {2004},
booktitle = {SIGCOMM},
}

@inproceedings {tonic,
author = {Mina Tahmasbi Arashloo and Alexey Lavrov and Manya Ghobadi and Jennifer Rexford and David Walker and David Wentzlaff},
title = {{Enabling Programmable Transport Protocols in High-Speed NICs }},
booktitle = {{NSDI}},
year = {2020},
}

@misc{f5-lb,
author = {{F5 Labs}},
title = {{Intelligent Application traffic Management}},
howpublished = {\url{https://www.f5.com/products/big-ip-services/local-traffic-manager}},
}

@misc{proxy-sql,
author = {ProxySQL},
title = {{ProxySQL: A High Performance Open Source MySQL Proxy}},
howpublished = {\url{https://proxysql.com/}},
}

@inproceedings{rmt,
author = {Bosshart, Pat and Gibb, Glen and Kim, Hun-Seok and Varghese, George and McKeown, Nick and Izzard, Martin and Mujica, Fernando and Horowitz, Mark},
title = {{Forwarding Metamorphosis: Fast Programmable Match-Action Processing in Hardware for SDN}},
year = {2013},
booktitle = {SIGCOMM},
}

@inproceedings{frenetic,
author = {Foster, Nate and Harrison, Rob and Freedman, Michael J. and Monsanto, Christopher and Rexford, Jennifer and Story, Alec and Walker, David},
title = {Frenetic: A Network Programming Language},
year = {2011},
isbn = {9781450308656},
publisher = {Association for Computing Machinery},
address = {New York, NY, USA},
url = {https://doi.org/10.1145/2034773.2034812},
doi = {10.1145/2034773.2034812},
booktitle = {Proceedings of the 16th ACM SIGPLAN International Conference on Functional Programming},
pages = {279–291},
numpages = {13},
keywords = {openflow, domain-specific languages, network programming languages, functional reactive programming},
location = {Tokyo, Japan},
series = {ICFP ’11}
}
  
@inproceedings{frenetic,
author = {Foster, Nate and Harrison, Rob and Freedman, Michael J. and Monsanto, Christopher and Rexford, Jennifer and Story, Alec and Walker, David},
title = {{Frenetic: A Network Programming Language}},
year = {2011},
booktitle = {ICFP},
}

@inproceedings {flowlog,
author = {Tim Nelson and Andrew D. Ferguson and Michael J.G. Scheer and Shriram Krishnamurthi},
title = {{Tierless Programming and Reasoning for Software-Defined Networks}},
booktitle = {NSDI},
year = {2014},
}

@inproceedings{vericon,
author = {Ball, Thomas and Bj\o{}rner, Nikolaj and Gember, Aaron and Itzhaky, Shachar and Karbyshev, Aleksandr and Sagiv, Mooly and Schapira, Michael and Valadarsky, Asaf},
title = {{VeriCon: Towards Verifying Controller Programs in Software-Defined Networks}},
year = {2014},
booktitle = {PLDI},
}

@inproceedings{merlin,
author = {Soul\'{e}, Robert and Basu, Shrutarshi and Marandi, Parisa Jalili and Pedone, Fernando and Kleinberg, Robert and Sirer, Emin Gun and Foster, Nate},
title = {{Merlin: A Language for Provisioning Network Resources}},
year = {2014},
booktitle = {{CoNEXT}},
}

@inproceedings{safe-kernel-extensions,
author = {Necula, George C. and Lee, Peter},
title = {{Safe Kernel Extensions without Run-Time Checking}},
year = {1996},
booktitle = {OSDI},
}

@inproceedings{pcc2,
  title={Proof-carrying code},
  author={George C. Necula},
  booktitle={POPL},
  year={1997}
}

@inproceedings{sgx1,
    title={{Keystone: An Open Framework for Architecting Trusted Execution Environments}},
    author={Dayeol Lee and David Kohlbrenner and Shweta Shinde and Krste Asanovic and Dawn Song},
    year={2020},
    booktitle = {EuroSys},
}

@article{attest2,
  title={Secure Remote Attestation},
  author={Markus Jakobsson},
  journal={IACR Cryptol. ePrint Arch.},
  year={2018},
  volume={2018},
  pages={31}
}

@inproceedings{attest3,
  title={Shielding Applications from an Untrusted Cloud with Haven},
  author={Andrew Baumann and Marcus Peinado and Galen C. Hunt},
  booktitle={TOCS},
  year={2015}
}

@inproceedings{multitenant-p4-hotcloud,
    title={{Multitenancy for Fast and Programmable Networks in the Cloud}},
    author={Tao Wang and Hang Zhu and Fabian Ruffy and Xin Jin and Anirudh Sivaraman and Dan Ports and Aurojit Panda},
    year={2020},
    booktitle={HotCloud}
}

@misc{nfv,
    author={{ETSI}},
    title={{Network Functions Virtualisation}},
    howpublished= {\url{http://portal.etsi.org/NFV/NFV_White_Paper.pdf}}
}

@inproceedings{cereal,
  title={A Specialized Architecture for Object Serialization with Applications to Big Data Analytics},
  author={Jaeyoung Jang and Sung Jun Jung and Sunmin Jeong and Jun Heo and Hoon Shin and Tae Jun Ham and Jae Won Lee},
  year={2020},
  booktitle={ISCA}
}

@inproceedings{Nordstrm2012ServalAE,
  title={Serval: An End-Host Stack for Service-Centric Networking},
  author={Erik Nordstr{\"o}m and David Shue and Prem Gopalan and Robert Kiefer and Matvey Arye and Steven Y. Ko and Jennifer Rexford and Michael J. Freedman},
  booktitle={NSDI},
  year={2012}
}

@article{domain-specific-accel,
  title={{Domain-specific hardware accelerators}},
  author={Dally, William J and Turakhia, Yatish and Han, Song},
  journal={CACM},
  year={July 2020},
}

@misc{netflix:outage,
    title={{A Closer Look at the Christmas Eve Outage}},
    author={Adrian Cockcroft},
    year={2012},
    month={December},
    day={31},
    howpublished={\url{https://netflixtechblog.com/a-closer-look-at-the-christmas-eve-outage-d7b409a529ee}}
}

@misc{slack:outage,
    title={{A Terrible, Horrible, No-Good, Very Bad Day at Slack}},
    author={Laura Nolan},
    year={2020},
    month={May},
    howpublished={\url{https://slack.engineering/a-terrible-horrible-no-good-very-bad-day-at-slack/}}
}

@misc{slack:outage2,
    title={{Slack’s Outage on January 4th 2021}},
    author={Laura Nolan},
    year={2021},
    month={Jan},
    howpublished={\url{https://slack.engineering/slacks-outage-on-january-4th-2021/}}
}

@misc{gcp-latency,
    title={{Google Pub/Sub performance (latency under low load)?}},
    author={Guillermo Cacheda},
    year={2018},
    howpublished={\url{https://stackoverflow.com/a/53207646/1304393}},
}

@misc{mellanox-rdg,
title={{RDG: Accelerating Apache Spark 3.0 with RAPIDS Accelerator over RoCE network}},
author={Kovalev, Boris and Rudenko, Peter},
year={2020},
howpublished={\url{https://docs.mellanox.com/pages/releaseview.action?pageId=28938181}},
}

@inproceedings{cheetah,
author = {Tirmazi, Muhammad and Ben Basat, Ran and Gao, Jiaqi and Yu, Minlan},
title = {{Cheetah: Accelerating Database Queries with Switch Pruning}},
year = {2020},
booktitle = {SIGMOD},
}

@inproceedings {bmc,
author = {Yoann Ghigoff and Julien Sopena and Kahina Lazri and Antoine Blin and Gilles Muller},
title = {{BMC: Accelerating Memcached using Safe In-kernel Caching and Pre-stack Processing}},
booktitle = {NSDI},
year = {2021},
}

@inproceedings {shenango,
author = {Amy Ousterhout and Joshua Fried and Jonathan Behrens and Adam Belay and Hari Balakrishnan},
title = {{Shenango: Achieving High {CPU} Efficiency for Latency-sensitive Datacenter Workloads}},
booktitle = {NSDI},
year = {2019},
}

@inproceedings {caladan,
author = {Joshua Fried and Zhenyuan Ruan and Amy Ousterhout and Adam Belay},
title = {{Caladan: Mitigating Interference at Microsecond Timescales}},
series = {OSDI},
booktitle = {OSDI},
year = {2020},
}

@article{click,
  title={{The Click modular router}},
  author={Kohler, Eddie and Morris, Robert and Chen, Benjie and Jannotti, John and Kaashoek, M Frans},
  journal={ACM Transactions on Computer Systems (TOCS)},
  volume={18},
  number={3},
  pages={263--297},
  year={2000},
}

@misc{etcd,
title={{etcd}},
author={etcd Authors},
howpublished={\url{https://etcd.io}},
}

@inproceedings{zookeeper,
  title={{ZooKeeper: Wait-free Coordination for Internet-scale Systems}},
  author={Hunt, Patrick and Konar, Mahadev and Junqueira, Flavio Paiva and Reed, Benjamin},
  booktitle={USENIX ATC},
  year={2010}
}

@inproceedings {raft,
author = {Diego Ongaro and John Ousterhout},
title = {{In Search of an Understandable Consensus Algorithm}},
series = {{USENIX ATC}},
year = {2014},
}

@Article{paxos,
author = {Lamport, Leslie},
title = {{Paxos Made Simple}},
year = {2001},
url = {https://www.microsoft.com/en-us/research/publication/paxos-made-simple/},
pages = {51-58},
journal = {ACM SIGACT News (Distributed Computing Column) 32, 4 (Whole Number 121, December 2001)},
edition = {ACM SIGACT News (Distributed Computing Column) 32, 4 (Whole Number 121, December 2001)},
}

@misc{aws-app-gateway,
title={{Amazon API Gateway}},
author={Amazon},
howpublished={\url{https://aws.amazon.com/api-gateway/}},
}
@misc{azure-app-gateway,
title={{Application Gateway}},
author={Microsoft},
howpublished={\url{https://azure.microsoft.com/en-us/services/application-gateway/}},
}
@misc{gcp-app-gateway,
title={{API Gateway}},
author={Google},
howpublished={\url{https://cloud.google.com/api-gateway}},
}
@misc{kubernetes,
title={{Kubernetes}},
author={Google},
howpublished={\url{https://kubernetes.io/}},
}
@misc{bincode,
title={{Bincode}},
author={Ty Overby and Francesco Mazzoli and David Tolnay and Zoey Riordan},
howpublished={\url{https://github.com/bincode-org/bincode}},
}
@misc{ghostunnel,
title={{Ghostunnel}},
author={Cedric Staub},
howpublished={\url{https://github.com/ghostunnel/ghostunnel}},
}
@misc{sqs,
title={{Amazon SQS Pricing}},
author={Amazon},
howpublished={\url{https://aws.amazon.com/sqs/pricing/}},
}
@misc{gcp-pubsub,
title={{GCP PubSub Pricing}},
author={Google},
howpublished={\url{https://cloud.google.com/pubsub/pricing}},
}
@misc{az-service-bus,
title={{Azure Service Bus Pricing}},
author={Microsoft},
howpublished={\url{https://azure.microsoft.com/en-us/pricing/details/service-bus/}},
}
@misc{az-storage-queues,
title={{Azure Queues Storage Pricing}},
author={Microsoft},
howpublished={\url{https://azure.microsoft.com/en-us/pricing/details/storage/queues/}},
}
@inproceedings{kafka,
  title={{Kafka: A Distributed Messaging System for Log Processing}},
  author={Kreps, Jay and Narkhede, Neha and Rao, Jun and others},
  booktitle={NetDB},
  volume={11},
  pages={1--7},
  year={2011}
}
@misc{fnv-hash,
    title={{The FNV Non-Cryptographic Hash Algorithm}},
    author={Glenn Fowler and Landon Curt Noll and Kiem-Phong Vo and Donald Eastlake and Tony Hansen},
    year={2018},
    howpublished={\url{https://tools.ietf.org/html/draft-eastlake-fnv-16}},
}
@misc{dashmap,
title={{DashMap}},
author={Acrimon},
howpublished={\url{https://github.com/xacrimon/dashmap}},
}
@misc{memcached,
title={{memcached}},
author={Brad Fitzpatrick and others},
howpublished={\url{https://www.memcached.org/}},
}

@inproceedings{db-rule-opt,
author = {Chaudhuri, Surajit},
title = {{An Overview of Query Optimization in Relational Systems}},
year = {1998},
series = {PODS},
booktitle = {PODS},
}
@misc{tableau-bug,
title={{Resolving Incorrect Data Issues Related to Jet}},
author={Tableau},
howpublished={\url{https://kb.tableau.com/articles/issue/resolving-incorrect-data-issues-related-to-jet}},
}
@misc{cassandra-schema-version-bug,
title={{Silently failing messages in case of schema not fully propagated}},
author={Sergio Bossa},
howpublished={\url{https://issues.apache.org/jira/browse/CASSANDRA-5725}},
}
@misc{aws-db-migration-bug,
title={{Troubleshooting migration tasks in AWS Database Migration Service}},
author={Amazon},
howpublished={\url{https://docs.aws.amazon.com/dms/latest/userguide/CHAP_Troubleshooting.html\#CHAP_Troubleshooting.Oracle.Numbers}},
}

@misc{openssl,
title={{OpenSSL}},
author={OpenSSL Software Foundation},
howpublished={\url{https://www.openssl.org/}}
}

@misc{zeromq,
title={{ZeroMQ: An open-source universal messaging library}},
author={ZeroMQ Authors},
howpublished={\url{https://zeromq.org/}},
}
@misc{msft-iis,
title={{The Official Microsoft IIS Site}},
author={Microsoft},
howpublished={\url{https://www.iis.net/}},
}
@article{racket-lang,
author = {Felleisen, Matthias and Findler, Robert Bruce and Flatt, Matthew and Krishnamurthi, Shriram and Barzilay, Eli and McCarthy, Jay and Tobin-Hochstadt, Sam},
title = {{A Programmable Programming Language}},
issue_date = {March 2018},
year = {2018},
doi = {10.1145/3127323},
journal = {CACM},
}
@misc{scala-lang,
  title={{The Scala programming language}},
  author={Odersky, Martin and others},
  howpublished={\url{http://www.scala-lang.org}},
}

@article{volcano,
author = {Graefe, G.},
title = {{Volcano— An Extensible and Parallel Query Evaluation System}},
year = {1994},
issue_date = {February 1994},
publisher = {IEEE Educational Activities Department},
address = {USA},
volume = {6},
number = {1},
issn = {1041-4347},
url = {https://doi.org/10.1109/69.273032},
doi = {10.1109/69.273032},
journal = {IEEE Trans. on Knowl. and Data Eng.},
month = feb,
pages = {120–135},
numpages = {16},
}

@inproceedings {slic,
author = {Douglas P. Ghormley and David Petrou and Steven H. Rodrigues and Thomas E. Anderson},
title = {{SLIC: An Extensibility System for Commodity Operating Systems}},
booktitle = {{USENIX  ATC}},
year = {1998},
}

@inproceedings{tcp-ebpf,
  title={{Making the Linux TCP Stack More Extensible With eBPF}},
  author={Tran, Viet-Hoang and Bonaventure, Olivier},
  booktitle={Netdev 0x13},
  year={2019}
}
@article{tcp-ebpf2,
  author    = {Viet{-}Hoang Tran and
               Olivier Bonaventure},
  title     = {{Beyond socket options: making the Linux {TCP} stack truly extensible}},
  journal   = {CoRR},
  url       = {http://arxiv.org/abs/1901.01863},
  archivePrefix = {arXiv},
  eprint    = {1901.01863},
  year={2019}
}

@inproceedings{linux-device,
  title={{The Linux Kernel Device Model}},
  author={Mochel, Patrick},
  booktitle={Ottawa Linux Symposium},
  pages={368},
  year={2002}
}

@inproceedings{tcp-offload,
author = {Freimuth, Doug and Hu, Elbert and LaVoie, Jason and Mraz, Ronald and Nahum, Erich and Pradhan, Prashant and Tracey, John},
title = {{Server Network Scalability and TCP Offload}},
year = {2005},
booktitle = {{USENIX ATC}},
}
@inproceedings{auto-nic-offloads,
  title={{Autonomous NIC offloads}},
  author={Pismenny, Boris and Eran, Haggai and Yehezkel, Aviad and Liss, Liran and Morrison, Adam and Tsafrir, Dan},
  booktitle={{ASPLOS}},
  year={2021},
}

@article{ovs-extend,
author = {Tu, Cheng-Chun and Stringer, Joe and Pettit, Justin},
title = {{Building an Extensible Open VSwitch Datapath}},
year = {2017},
url = {https://doi.org/10.1145/3139645.3139657},
journal = {SIGOPS Oper. Syst. Rev.},
month = sep,
pages = {72–77},
numpages = {6}
}

@inproceedings{pl-contracts,
author = {Findler, Robert Bruce and Felleisen, Matthias},
title = {{Contracts for Higher-Order Functions}},
year = {2002},
url = {https://doi.org/10.1145/581478.581484},
booktitle = {ICFP},
}

@inproceedings{click-opt,
author = {Kohler, Eddie and Morris, Robert and Chen, Benjie},
title = {{Programming Language Optimizations for Modular Router Configurations}},
year = {2002},
booktitle = {{ASPLOS}},
}
@inproceedings{eroc,
  title={{EROC: a toolkit for building NEATO query optimizers}},
  author={McKenna, William J and Burger, Louis and Hoang, Chi and Truong, Melissa},
  booktitle={VLDB},
  year={1996},
}
@misc{llvm-opt,
  title={{LLVM}},
  author={{LLVM Authors}},
  howpublished={\url{https://llvm.org/docs/LangRef.html}},
}
@article{optpp,
author = {Kabra, Navin and DeWitt, David J.},
title = {{OPT++: An Object-Oriented Implementation for Extensible Database Query Optimization}},
year = {1999},
issue_date = {April 1999},
journal = {The VLDB Journal},
}
@article{xkernel,
author = {Hutchinson, Norman C. and Peterson, Larry L.},
title = {The X-Kernel: An Architecture for Implementing Network Protocols},
year = {1991},
issue_date = {January 1991},
volume = {17},
number = {1},
issn = {0098-5589},
url = {https://doi.org/10.1109/32.67579},
doi = {10.1109/32.67579},
journal = {IEEE Trans. Softw. Eng.},
}

@incollection{carey1991architecture,
  title={{The Architecture of the EXODUS Extensible DBMS}},
  author={Carey, Michael J and DeWitt, David J and Frank, Daniel and Graefe, Goetz and Richardson, Joel E and Shekita, Eugene J and Muralikrlshna, M},
  booktitle={{On Object-Oriented Database Systems}},
  pages={231--256},
  year={1991},
  publisher={Springer}
}

@inproceedings{groce2007randomized,
  title={{Randomized Differential Testing as a Prelude to Formal Verification}},
  author={Groce, Alex and Holzmann, Gerard and Joshi, Rajeev},
  booktitle={ICSE},
  organization={IEEE},
  year={2007}
}
@misc{g-api-discovery,
title = {{Google API Discovery Service}},
author = {Google},
 howpublished={\url{https://developers.google.com/discovery}},
}

@misc{pgas,
  title={{Introduction to the Partitioned Global Address Space (PGAS) Programming Model}},
  author={Hudak, David},
 howpublished={\url{https://www.osc.edu/sites/osc.edu/files/staff_files/dhudak/pgas-tutorial.pdf}},
}
@article{pgas2,
  title={{A preliminary evaluation of the hardware acceleration of the Cray Gemini interconnect for PGAS languages and comparison with MPI}},
  author={Shan, Hongzhang and Wright, Nicholas J and Shalf, John and Yelick, Katherine and Wagner, Marcus and Wichmann, Nathan},
  journal={ACM SIGMETRICS Performance Evaluation Review},
  volume={40},
  number={2},
  pages={92--98},
  year={2012},
  publisher={ACM New York, NY, USA}
}
@inproceedings{pgas3,
  title={{On the suitability of MPI as a PGAS runtime}},
  author={Daily, Jeff and Vishnu, Abhinav and Palmer, Bruce and Van Dam, Hubertus and Kerbyson, Darren},
  booktitle={2014 21st International Conference on High Performance Computing (HiPC)},
  pages={1--10},
  year={2014},
  organization={IEEE}
}

@inproceedings{isca-moore,
    title={Dark Silicon and the End of Multicore Scaling},
    author={Esmaeilzadeh, Hadi and Blem, Emily and Amant, Renee St and Sankaralingam, Karthikeyan and Burger, Doug},
    booktitle={ISCA},
    year={2011},
}

@inproceedings{aplomb,
author = {Sherry, Justine and Hasan, Shaddi and Scott, Colin and Krishnamurthy, Arvind and Ratnasamy, Sylvia and Sekar, Vyas},
title = {Making Middleboxes Someone Else's Problem: Network Processing as a Cloud Service},
year = {2012},
doi = {10.1145/2342356.2342359},
series = {SIGCOMM}
}

@inproceedings{ccp,
author = {Narayan, Akshay and Cangialosi, Frank and Raghavan, Deepti and Goyal, Prateesh and Narayana, Srinivas and Mittal, Radhika and Alizadeh, Mohammad and Balakrishnan, Hari},
title = {Restructuring Endpoint Congestion Control},
year = {2018},
doi = {10.1145/3230543.3230553},
series = {SIGCOMM}
}

@misc{mvfst,
  title={{mvfst}},
  author={Facebook},
 howpublished={\url{https://github.com/facebookincubator/mvfst/}},
}

@inproceedings{erpc,
author = {Kalia, Anuj and Kaminsky, Michael and Andersen, David G.},
title = {Datacenter RPCs Can Be General and Fast},
year = {2019},
series = {NSDI}
}

@inproceedings{zygos,
author = {Prekas, George and Kogias, Marios and Bugnion, Edouard},
title = {ZygOS: Achieving Low Tail Latency for Microsecond-Scale Networked Tasks},
year = {2017},
doi = {10.1145/3132747.3132780},
series = {SOSP}
}

@inproceedings{farm,
  title={No compromises: Distributed transactions with consistency, availability, and performance},
  author={Dragojevi{\'c}, Aleksandar and Narayanan, Dushyanth and Nightingale, Edmund B and Renzelmann, Matthew and Shamis, Alex and Badam, Anirudh and Castro, Miguel},
  series = {SOSP},
  year={2015}
}

@article{ethane,
  title={{Ethane: Taking control of the enterprise}},
  author={Casado, Martin and Freedman, Michael J and Pettit, Justin and Luo, Jianying and McKeown, Nick and Shenker, Scott},
  journal={SIGCOMM CCR},
  volume={37},
  number={4},
  pages={1--12},
  year={2007},
}

@article{mapreduce,
author = {Dean, Jeffrey and Ghemawat, Sanjay},
title = {MapReduce: Simplified Data Processing on Large Clusters},
year = {2008},
volume = {51},
number = {1},
doi = {10.1145/1327452.1327492},
journal = {CACM},
month = jan,
pages = {107–113},
numpages = {7}
}

@misc{openaigym,
key={openai},
title = {{OpenAI Gym}},
howpublished={\url{https://gym.openai.com/}},
}

@article{braden1997resource,
  title={{Resource ReSerVation Protocol:(RSVP); Version 1 Functional Specification}},
  author={Braden, Robert and Zhang, Lixia and Berson, Steve and Herzog, Shai and Jamin, Sugih},
  year={1997},
  publisher={University of Michigan}
}

@misc{wroclawski1997use,
  title={{The Use of RSVP with IETF Integrated Services}},
  author={Wroclawski, John and others},
  year={1997},
  publisher={RFC 2210, september}
}

@article{e2e-principle,
    author={Saltzer, J. H. and Reed, D. P. and Clark, D. D.},
    title={{End-to-End Arguments in System Design}},
    journal={Transactions on Computer Systems},
    volume={2},
    number={4},
    pages={277--288},
    year={1984},
    publisher={ACM}
}

@inproceedings{swan,
    author = {Hong, Chi-Yao and Kandula, Srikanth and Mahajan, Ratul and Zhang, Ming and Gill, Vijay and Nanduri, Mohan and Wattenhofer, Roger},
    title = {{{A}chieving {H}igh {U}tilization with {S}oftware-driven {W}AN}},
    booktitle = {SIGCOMM},
    year = {2013},
}

@inproceedings{mos,
    author = "Muhammad Asim Jamshed and YoungGyoun Moon and Donghwi Kim and Dongsu Han and KyoungSoo Park",
    title = {{mOS: A Reusable Networking Stack for Flow Monitoring Middleboxes}},
    booktitle = {NSDI},
    year = 2017,
}

@article{illinois,
    title={{TCP-Illinois: A loss-and delay-based congestion control algorithm for high-speed networks}},
    author={Liu, Shao and Ba{\c{s}}ar, Tamer and Srikant, Ravi},
    journal={Performance Evaluation},
    volume={65},
    number={6},
    pages={417--440},
    year={2008},
    publisher={Elsevier}
}

@misc{packettrain,
    author={Hu, Ningning and Steenkiste, Peter},
    title = {{Estimating Available Bandwidth Using Packet Pair Probing}},
    year={2002},
    institution={DTIC Document},
    howpublished = {\url{https://www.cs.cmu.edu/\%7Ehnn/papers/igi-tr.pdf}},
}

@inproceedings{axe,
    author = "McCauley, James and Zhao, Mingjie and Jackson, Ethan and Raghavan, Barath and Ratnasamy, Sylvia and Shenker, Scott",
    title = {{Taking an AXE to L2 Spanning Trees}},
    booktitle = "{SIGCOMM}",
    year = 2016,
}

@inproceedings{carousel,
 author = {Saeed, Ahmed and Dukkipati, Nandita and Valancius, Vytautas and The Lam, Vinh and Contavalli, Carlo and Vahdat, Amin},
 title = {{Carousel: Scalable Traffic Shaping at End Hosts}},
 booktitle = {SIGCOMM},
 year = {2017},
} 

@inproceedings {eifel,
author = {Ahmed Saeed and Yimeng Zhao and Nandita Dukkipati and Ellen Zegura and Mostafa Ammar and Khaled Harras and Amin Vahdat},
title = {{Eiffel: Efficient and Flexible Software Packet Scheduling}},
booktitle = {NSDI},
year = {2019},
}

@inproceedings{binomial,
    author = "Bansal, D. and Balakrishnan, H.",
    title = {{Binomial Congestion Control Algorithms}},
    booktitle = "{INFOCOM}",
    year = 2001,
}

@inproceedings{pert,
    title={Emulating AQM from end hosts},
    author={Bhandarkar, Sumitha and Reddy, AL and Zhang, Yueping and Loguinov, Dimitri},
    booktitle={ACM SIGCOMM Computer Communication Review},
    volume={37},
    number={4},
    pages={349--360},
    year={2007},
    organization={ACM}
}

@inproceedings{slowcc,
    author = "D. Bansal and H. Balakrishnan and S. Floyd and S. Shenker",
    title = {{Dynamic Behavior of Slowly-Responsive Congestion Control Algorithms}},
    booktitle = "{SIGCOMM}",
    year = 2001,
}

@inproceedings{ebcc,
    author = "Floyd, S. and Handley, M. and Padhye, J. and Widmer, J.",
    title = {{Equation-Based Congestion Control for Unicast Applications}},
    booktitle = "{SIGCOMM}",
    year = 2000,
}

@article{nv,
    title={{TCP-NV: Congestion Avoidance for Data Centers}},
    author={Brakmo, L.},
    journal={Linux Plumbers Conference},
    year = {2010},
}

@article{fasttcp,
    title={{FAST TCP: Motivation, Architecture, Algorithms, Performance}},
    author={Wei, D.X. and Jin, C. and Low, S.H. and Hegde, S.},
    journal={IEEE/ACM Trans. on Networking},
    volume={14},
    number={6},
    pages={1246--1259},
    year={2006},
}

@article{mpert,
    author = {Budzisz, \Lukasz and Stanojevi\'{c}, Rade and Schlote, Arieh and Baker, Fred and Shorten, Robert},
    title = {On the Fair Coexistence of Loss- and Delay-based TCP},
    journal = {IEEE/ACM Trans. Netw.},
    issue_date = {December 2011},
    volume = {19},
    number = {6},
    month = dec,
    year = {2011},
    issn = {1063-6692},
    pages = {1811--1824},
    numpages = {14},
    url = {http://dx.doi.org/10.1109/TNET.2011.2159736},
    doi = {10.1109/TNET.2011.2159736},
    acmid = {2365075},
    publisher = {IEEE Press},
    address = {Piscataway, NJ, USA},
    keywords = {TCP, delay-based congestion control},
}

@misc{bbr-reno-graph,
    title = {{BBR congestion control}},
    author = {Neal Cardwell and Yuchung Cheng and C. Stephen Gunn and Soheil Hassas
        Yeganeh and  Van Jacobson},
    howpublished = {\url{https://www.ietf.org/proceedings/97/slides/slides-97-iccrg-bbr-congestion-control-02.pdf}},
}

@misc{nanog-discussion,
    title = {{RED Analysis for Congested Network Core and Customer Egress}},
    author = {Bradley Reynolds},
    howpublished = {\url{https://www.nanog.org/meetings/abstract?id=1264}},
}

@inproceedings{xcp,
    title = {{Congestion Control for High Bandwidth-Delay Product Networks}},
    author = "Dina Katabi and Mark Handley and Chalrie Rohrs",
    booktitle = {SIGCOMM},
    year = 2002,
}

@article{blue-aqm,
    author = "W. Feng and K. Shin and D. Kandlur and D. Saha",
    title = "{The BLUE Active Queue Management Algorithms}",
    journal = "{IEEE/ACM Trans. on Networking}",
    month = aug,
    year = 2002,
}

@inproceedings{avq,
    author = "S. Kunniyur and R. Srikant",
    title = "{Analysis and Design of an Adaptive Virtual Queue (AVQ) Algorithm for Active Queue Management}",
    booktitle = "{SIGCOMM}",
    year = 2001,
}

@article{vcp,
    title="{One More Bit is Enough}",
    author={Xia, Y. and Subramanian, L. and Stoica, I. and Kalyanaraman, S.},
    journal={IEEE/ACM Trans. on Networking},
    volume={16},
    number={6},
    year={2008},
}

@inproceedings{Clark88,
    author = "Clark, D.",
    title = {{The Design Philosophy of the DARPA Internet Protocols}},
    booktitle = {SIGCOMM},
    year = 1988,
}

@article{snoop,
    author = "Balakrishnan, H. and Seshan, S. and Katz, R.H.",
    title = "{Improving Reliable Transport and Handoff Performance
        in Cellular Wireless Networks}",
    journal = "{ACM Wireless Networks}",
    month = Dec,
    year = 1995,
    volume = 1,
    number = 4,
}

@article{ltelink,
    title="{The LTE link-layer design}",
    author={Larmo, A. and Lindstrom, M. and Meyer, M. and Pelletier, G. and Torsner, J. and Wiemann, H.},
    journal={IEEE Comm. Mag.},
    volume={47},
    number={4},
    pages={52--59},
    year={2009},
}

@inproceedings{Barman02,
    title="{Effectiveness of loss labeling in improving TCP performance in wired/wireless networks}",
    author={Barman, D. and Matta, I.},
    booktitle = {ICNP},
    year={2002},
}

@inproceedings{Barman04,
    title="{A Bayesian approach for TCP to distinguish congestion from wireless losses}",
    author={Barman, D. and Matta, I.},
    booktitle = "{WiOpt}",
    year={2004},
}

@inproceedings{Biaz99,
    title={Discriminating congestion losses from wireless losses using inter-arrival times at the receiver},
    author={Biaz, S. and Vaidya, N.H.},
    booktitle={ASSET},
    year={1999},
}

@article{Cen03,
    title={{End-to-end differentiation of congestion and wireless losses}},
    author={Cen, S. and Cosman, P.C. and Voelker, G.M.},
    journal={EEE/ACM Trans. on Networking},
    volume={11},
    number={5},
    pages={703--717},
    year={2003},
}

@article{Samaraweera99,
    author = "N. Samaraweera",
    title = {{Non-congestion packet loss detection for TCP error recovery using wireless links}},
    journal = {IEEE Comm.},
    volume = 146,
    number = 4,
    pages = {222--230},
    mon = aug,
    year = 1999,
}

@inproceedings{westwood,
    title={{TCP Westwood: Bandwidth Estimation for Enhanced Transport over Wireless Links}},
    author={Mascolo, S. and Casetti, C. and Gerla, M. and Sanadidi, M.Y. and Wang, R.},
    booktitle={MobiCom},
    year={2001},
}

@inproceedings{veno,
    title={{TCP Veno: TCP Enhancement for Transmission Over Wireless Access Networks}},
    author={Fu, Cheng Peng and Liew, Soung C.},
    booktitle={IEEE JSAC},
    volume = {21},
    year={2003},
}

@manual{IEEE93,
    key = {IEEE93},
    title = {{Draft Standard IEEE 802.11: Wireless LAN Medium
        Access Control (MAC) and Physical Layer (PHY)
            Specifications}},
    organization = {IEEE P802.1-93/20b0},
}

@article{pomdp,
    author = "Kaelbling, L.P. and Littman, M.L. and Cassandra, A.R.",
    title = {{Planning and acting in partially observable stochastic domains}},
    journal = "{Artificial Intelligence}",
    volume = 101,
    pages = {99-134},
    year = 1998,
}

@inproceedings{pomdp2,
    author = "Nicolas Meuleau and Kee-Eung Kim and Leslie Pack Kaelbling and Anthony R. Cassandra",
    title = {{Solving POMDPs by Searching the Space of Finite Policies}},
    booktitle = "{Intl. Conf. on Uncertainty in Artificial Intelligence}",
    year = 1999,
}

@article{Kelly98,
    author = "F. P. Kelly and A.K. Maulloo and D.K.H. Tan",
    title = {{Rate Control in Communication Networks: Shadow Prices, Proportional Fairness and Stability}},
    journal = "{Journal of the Operational Research Society}",
    volume = 49,
    pages = {237--252},
    year = 1998,
}

@misc{ledbat,
    title={{Low Extra Delay Background Transport (LEDBAT)}},
    author={Shalunov, S. and Hazel, G. and Iyengar, J. and Kuehlewind, M},
    note={RFC 6817, IETF},
    year={2012},
}

@misc{rfc3819,
    title={{Advice for Internet Subnetwork Designers}},
    author={Karn, P. and Bormann, C. and Fairhurst, G. and Grossman, D. and Ludwig, R. and Mahdavi, J. and Montenegro, G. and Touch, J. and Wood, L.},
    note={RFC 3819, IETF},
    year={2004},
}

@misc{nvgre,
    title={{NVGRE: Network Virtualization Using Generic Routing Encapsulation}},
    author={Garg, Pankaj and Wang, Yu-Shun},
    note={RFC 7637, IETF},
    year={2015},
}

@misc{ipinip,
    title={{IP Encapsulation within IP}},
    author={Perkins, Charles},
    note={RFC 2003, IETF},
    year={1996},
}

@misc{vxlan,
    title={{Virtual eXtensible Local Area Network (VXLAN): A Framework for Overlaying Virtualized Layer 2 Networks over Layer 3 Networks}},
    author={Mahalingam, Mallik and Dutt, Dinesh and Duda, Kenneth and Agarwal, Puneet and Kreeger, Lawrence and Sridhar, T and Bursell, Mike and Wright, Chris},
    note={RFC 7648, IETF},
    year={2014},
}

@misc{jacobson-memo,
author = {{Van Jacobson}},
title = {{30 instruction TCP receive}},
howpublished={\url{https://people.cs.clemson.edu/~westall/853/notes/vanjtcp.pdf}},
year = {1993},
note = {[Online, Retrieved August 4, 2017]}
}

@book{linux-network-internals,
title = {{Understanding Linux network internals}},
author = {{Christian Benvenuti}},
publisher = {{O'Reilly Media}},
year = {2009},
}

@misc{segmentation-offloads,
title = {{Segmentation Offloads in the Linux Networking Stack}},
howpublished={\url{https://www.kernel.org/doc/Documentation/networking/segmentation-offloads.txt}},
}

@misc{tc,
key="tc",
author = {Alexey N. Kuznetsov},
title = {{tc}},
howpublished={\url{https://linux.die.net/man/8/tc}},
}

@misc{tbf,
author = {Alexey N. Kuznetsov},
title = {{tbf}},
howpublished={\url{https://linux.die.net/man/8/tc-tbf}},
}

@misc{ccp-impl,
title = {{CCP user-space}},
howpublished={\url{https://github.com/mit-nms/ccp}},
}

@misc{ccp-kernel-impl,
title = {{Linux kernel datapath for CCP}},
howpublished={\url{https://github.com/mit-nms/ccp-kernel}},
}

@misc{ccp-kernel-patch,
title = {{Linux kernel patch for CCP}},
howpublished={\url{https://github.com/ngsrinivas/linux-fork/commit/a84f0a6db796a84411547a7055d619d2792d871c}},
}

@inproceedings{damd,
    title={{Distributed algorithmic mechanism design: Recent results and future directions}},
    author={Feigenbaum, J. and Shenker, S.},
    booktitle={DIAL-M},
    year={2002},
}

@inproceedings{bgpdamd1,
    title={{Mechanism design for policy routing}},
    author={Feigenbaum, J. and Sami, R. and Shenker, S.},
    booktitle={PODC},
    year={2004},
}

@article{bgpdamd2,
    title={{A BGP-based mechanism for lowest-cost routing}},
    author={Feigenbaum, J. and Papadimitriou, C. and Sami, R. and Shenker, S.},
    journal={Distributed Computing},
    volume={18},
    number={1},
    pages={61--72},
    year={2005},
}

@inproceedings{tcp-nice,
    author = {Venkataramani, Arun and Kokku, Ravi and Dahlin, Mike},
    title = {{TCP Nice: A Mechanism for Background Transfers}},
    booktitle = {OSDI},
    year = {2002},
}

@article{fii,
    title={{Architecting for innovation}},
    author={Koponen, T. and Shenker, S. and Balakrishnan, H. and Feamster, N. and Ganichev, I. and Ghodsi, A. and Godfrey, P.B. and McKeown, N. and Parulkar, G. and Raghavan, B. and others},
    journal = {CCR},
    year = 2011,
    volume = {41},
    number = {3},
    month = jul,
}

@inproceedings{prr,
title = {{Proportional Rate Reduction for TCP}},
author  = {Nandita Dukkipati and Matt Mathis and Yuchung Cheng and Monia Ghobadi},
booktitle = {{SIGCOMM}},
year  = {2011},
}

@article{multcp,
    author = {Crowcroft, Jon and Oechslin, Philippe},
    title = {{Differentiated End-to-end Internet Services Using a Weighted Proportional Fair Sharing TCP}},
    journal = {SIGCOMM Comput. Commun. Rev.},
    issue_date = {July 1998},
    volume = {28},
    number = {3},
    month = jul,
    year = {1998},
}

@inproceedings{dual,
    AUTHOR="Wang, Z. and Crowcroft, J.",
    TITLE={{A New Congestion Control Scheme: Slow Start and Search (Tri-S)}},
    booktitle = {SIGCOMM},
    YEAR=1991,
}

@inproceedings{card,
    AUTHOR="Jain, R.",
    TITLE={{A Delay-based Approach for Congestion Avoidance in Interconnected Heterogeneous Computer Networks}},
    booktitle = "SIGCOMM",
    YEAR=1989,
}

@inproceedings{compound,
    title={{A Compound {TCP} Approach for High-speed and Long Distance Networks}},
    author={Tan, K. and Song, J. and Zhang, Q. and Sridharan, M.},
    booktitle="{INFOCOM}",
    year={2006},
}

@techreport{compound2,
    title={{Compound TCP: A New TCP congestion control for high-speed and long distance networks}},
    author={Sridharan, M. and Tan, K. and Bansal, D. and Thaler, D.},
    year={2008},
    institution={Internet-draft draft-sridharan-tcpm-ctcp-02}
}

@techreport{codelID,
    title={{Controlled Delay Active Queue Management}},
    author={Nichols, K. and Jacobson, V.},
    year={2013},
    institution={Internet-draft draft-nichols-tsvwg-codel-01}
}

@inproceedings{hotnets2011,
    author =       "Keith Winstein and Hari Balakrishnan",
    title =        {{End-to-End Transmission Control by Modeling Uncertainty about the Network State}},
    booktitle =    {HotNets-X},
    year =         {2011},
}

@inproceedings{bic,
    title={{Binary Increase Congestion Control (BIC) for Fast Long-Distance Networks}},
    author={Xu, L. and Harfoush, K. and Rhee, I.},
    booktitle={INFOCOM},
    year={2004},
}

@inproceedings{htcp,
    title={{H-TCP Protocol for High-Speed Long Distance Networks}},
    author={Leith, DJ and Shorten, R.},
    booktitle={PFLDNet},
    year={2004},
}

@inproceedings{ftmb,
  author = {Sherry, Justine and Gao, Peter Xiang and Basu, Soumya and Panda, Aurojit and Krishnamurthy, Arvind and Maciocco, Christian and Manesh, Maziar and Martins, Jo\~{a}o and Ratnasamy, Sylvia and Rizzo, Luigi and Shenker, Scott},
  title = {{Rollback-Recovery for Middleboxes}},
  booktitle = {SIGCOMM},
  year = {2015},
}

@inproceedings{trotsky,
  author = {{McCauley, James and Harchol, Yotam and Panda, Aurojit and Raghavan, Barath and Shenker, Scott}},
  title = {{Enabling a Permanent Revolution in Internet Architecture}},
  booktitle = {SIGCOMM},
  year = {2019},
}

@misc{caida-dataset,
howpublished={\url{http://www.caida.org/data/passive/passive_2016_dataset.xml}},
author={CAIDA},
title={{The CAIDA Anonymized Internet Traces 2016 Dataset - 2016-01-21}},
year={2016}
}

@misc{ipid,
    title={{Updated Specification of the IPv4 ID Field}},
    author={Touch, J.},
    note={RFC 6864, IETF},
    year={2013},
}

@article {hybla,
author = {Caini, Carlo and Firrincieli, Rosario},
title = {{TCP Hybla: a TCP enhancement for heterogeneous networks}},
journal = {International Journal of Satellite Communications and Networking},
volume = {22},
number = {5},
publisher = {John Wiley & Sons, Ltd.},
issn = {1542-0981},
url = {http://dx.doi.org/10.1002/sat.799},
doi = {10.1002/sat.799},
pages = {547--566},
keywords = {TCP/IP, congestion control, wireless communications},
year = {2004},
}

@inproceedings{choke,
    title={{CHOKe---A Stateless Active Queue Management Scheme for Approximating Fair Bandwidth Allocation}},
    author={Pan, R. and Prabhakar, B. and Psounis, K.},
    booktitle={INFOCOM},
    year={2000},
}

@inproceedings{rcp,
    title={{Making Large Scale Deployment of RCP Practical for Real Networks}},
    author={Tai, C.H. and Zhu, J. and Dukkipati, N.},
    booktitle={INFOCOM},
    year={2008},
}

@article{stochasticnum,
    author={Yi, Y. and Chiang, M.},
    title={{Stochastic Network Utility Maximisation}},
    journal={European Transactions on Telecommunications},
    volume={19},
    number={4},
    pages={421--442},
    year={2008},
    publisher={Wiley Online Library}
}

@misc{touch2012automating,
    title={{Automating the Initial Window in TCP}},
    author={Touch, J.},
    howpublished={\url{http://tools.ietf.org/html/draft-touch-tcpm-automatic-iw-03}},
    year={2012}
}

@misc{dumazet-fq-patch,
title = {{pkt\_sched: fq: Fair Queue packet scheduler}},
howpublished={\url{https://lwn.net/Articles/564825/}},
year = {2013},
author = {Eric Dumazet},
}

@misc{fq-codel,
title = {{CoDel - Fair Queuing (FQ) with Controlled Delay (CoDel)}},
howpublished={\url{http://man7.org/linux/man-pages/man8/tc-fq_codel.8.html}},
year = {2012},
author = {Eric Dumazet},
}

@misc{the-case-for-rdma,
title = {{The case for RDMA}},
howpublished={\url{http://rdmaconsortium.org/home/The_Case_for_RDMA020531.pdf}},
year = {2002},
author = {Jim Pinkerton},
}

@misc{toe-chelsio,
title = {{TCP Offload Engine (TOE)}},
howpublished={\url{http://www.chelsio.com/nic/tcp-offload-engine/}},
author = {{Chelsio Communications}},
}

@misc{dumazet-pacing-patch,
title = {{TCP: Internal implementation for pacing}},
howpublished={\url{https://patchwork.ozlabs.org/patch/762899/}},
year= {2017},
author = {Eric Dumazet},
}

@misc{quic-sender-interface,
title = {{QUIC sender interface}},
howpublished={\url{https://chromium.googlesource.com/chromium/src/net/+/master/quic/core/congestion_control/send_algorithm_interface.h}},
author = {{The Chromium Authors}},
note = {[Online, Retrieved August 2, 2017]},
}

@misc{fq-scheduler,
title = {{TSO sizing and the FQ scheduler}},
howpublished={\url{https://lwn.net/Articles/564978/}},
author = {{Jonathan Corbet}},
year = {2013},
}

@misc{aspera,
    title={{Aspera - High-speed File Transfer Technology - Asperasoft}},
    howpublished={\url{http://asperasoft.com/technology/}},
}

@misc{wroclawski,
    title={{TCP ex Machina}},
    author={Wroclawski, John},
    howpublished={\url{http://www.postel.org/pipermail/end2end-interest/2013-July/008914.html}},
    year={2013}
}

@misc{chu2012increasing,
    title={{Increasing TCP's Initial Window}},
    author={Chu, J. and Dukkipati, N. and Cheng, Y. and Mathis, M.},
    howpublished = {\url{http://tools.ietf.org/html/draft-ietf-tcpm-initcwnd-08}},
    year={2013}
}

@article{dukkipati2010argument,
    title={{An Argument for Increasing TCP's Initial Congestion Window}},
    author={Dukkipati, N. and Refice, T. and Cheng, Y. and Chu, J. and Herbert, T. and Agarwal, A. and Jain, A. and Sutin, N.},
    journal={ACM SIGCOMM Computer Communication Review},
    volume={40},
    number={3},
    pages={27--33},
    year={2010}
}

@article{rcpstable,
    title={{Stability analysis of explicit congestion control protocols}},
    author={Balakrishnan, Hamsa and Dukkipati, Nandita and McKeown, Nick and Tomlin, Claire J},
    journal={{IEEE Communications Letters}},
    volume={11},
    number={10},
    year={2007},
}

@misc{allman2010init,
    title = {{Initial Congestion Window Specification}},
    author = "M. Allman",
    howpublished = {\url{http://tools.ietf.org/html/draft-allman-tcpm-bump-initcwnd-00}},
    year = 2010,
}

@book{Srikant,
    title={{The Mathematics of Internet Congestion Control}},
    author={Srikant, R.},
    year={2004},
    publisher={Birkhauser}
}

@inproceedings{Akella02,
    title={{Selfish Behavior and Stability of the Internet: A Game-Theoretic Analysis of TCP}},
    author={Akella, A. and Seshan, S. and Karp, R. and Shenker, S. and Papadimitriou, C.},
    booktitle={SIGCOMM},
    year={2002},
}

@inproceedings{fair-queueing,
 author = {Demers, A. and Keshav, S. and Shenker, S.},
 title = {{Analysis and Simulation of a Fair Queueing Algorithm}},
 booktitle = {SIGCOMM},
 year = {1989},
} 

@techreport{bess,
    Author = {Han, Sangjin and Jang, Keon and Panda, Aurojit and Palkar, Shoumik and Han, Dongsu and Ratnasamy, Sylvia},
    Title = {{SoftNIC: A Software NIC to Augment Hardware}},
    Institution = {EECS Department, University of California, Berkeley},
    Year = {2015},
    Month = {May},
    URL = {http://www2.eecs.berkeley.edu/Pubs/TechRpts/2015/EECS-2015-155.html},
    Number = {UCB/EECS-2015-155},
}

@article{waypoint-routing,
 author = {Amiri, Saeed Akhoondian and Foerster, Klaus-Tycho and Jacob, Riko and Schmid, Stefan},
 title = {Charting the Algorithmic Complexity of Waypoint Routing},
 journal = {SIGCOMM Comput. Commun. Rev.},
 issue_date = {January 2018},
 volume = {48},
 number = {1},
 month = apr,
 year = {2018},
 issn = {0146-4833},
 pages = {42--48},
 numpages = {7},
}

@inproceedings{anteater,
 author = {Mai, Haohui and Khurshid, Ahmed and Agarwal, Rachit and Caesar, Matthew and Godfrey, P. Brighten and King, Samuel Talmadge},
 title = {{Debugging the Data Plane with Anteater}},
 booktitle = {SIGCOMM},
 year = {2011},
}

@inproceedings{ron,
 author = {Andersen, David and Balakrishnan, Hari and Kaashoek, Frans and Morris, Robert},
 title = {{Resilient Overlay Networks}},
 booktitle = {SOSP},
 year = {2001},
} 

@inproceedings {overqos,
author = {Lakshminarayanan Subramanian and Ion Stoica and Hari Balakrishnan and Randy Katz},
title = {{OverQoS: An Overlay Based Architecture for Enhancing Internet QoS}},
booktitle = {NSDI},
year = {2004},
}

@inproceedings {veriflow,
author = {Ahmed Khurshid and Xuan Zou and Wenxuan Zhou and Matthew Caesar and P. Brighten Godfrey},
title = {{VeriFlow: Verifying Network-Wide Invariants in Real Time}},
booktitle = {NSDI},
year = {2013},
}

@inproceedings {reachability,
author = {Aurojit Panda and Ori Lahav and Katerina Argyraki and Mooly Sagiv and Scott Shenker},
title = {{Verifying Reachability in Networks with Mutable Datapaths}},
booktitle = {NSDI},
year = {2017},
}

@inproceedings {flowtags,
author = {Seyed Kaveh Fayazbakhsh and Luis Chiang and Vyas Sekar and Minlan Yu and Jeffrey C. Mogul},
title = {{Enforcing Network-Wide Policies in the Presence of Dynamic Middlebox Actions using FlowTags}},
booktitle = {{NSDI}},
year = {2014},
url = {https://www.usenix.org/conference/nsdi14/technical-sessions/presentation/fayazbakhsh},
}

@inproceedings{bwe,
title	= {{BwE: Flexible, Hierarchical Bandwidth Allocation for WAN Distributed Computing}},
author	= {Alok Kumar and Sushant Jain and Uday Naik and Nikhil Kasinadhuni and Enrique Cauich Zermeno and C. Stephen Gunn and Jing Ai and Björn Carlin and Mihai Amarandei-Stavila and Mathieu Robin and Aspi Siganporia and Stephen Stuart and Amin Vahdat},
year	= {2015},
booktitle	= {SIGCOMM}
}

@inproceedings{inferring-interdomain-congestion,
       Author = {Dhamdhere, A. and Clark, D. and Gamero-Garrido, A. and Luckie, M. and Mok, R. and Akiwate, G. and Gogia, K. and Bajpai, V. and Snoeren, A. and claffy, k.}, 
       Title = {{Inferring Persistent Interdomain Congestion}},
       BookTitle = {SIGCOMM},
       Year = {2018},
       Keywords = {congestion   measurement methodology   passive data analysis   topology}
}


@inproceedings{Tan09,
    author = "T. Lan and D. Kao and M. Chiang and A. Sabharwal",
    title = {{An Axiomatic Theory of Fairness}},
    booktitle = {INFOCOM},
    year = 2010,
}

@article{chiujain,
    author = "Chiu, D-M. and Jain, R.",
    title = {{Analysis of the Increase and Decrease Algorithms for Congestion Avoidance in Computer Networks}},
    journal = "{Computer Networks and ISDN Systems}",
    year = 1989,
    volume = 17,
    pages = {1--14},
}


@article{decbit,
    author = "Ramakrishnan, K. K. and Jain, R.",
    title  = {{A Binary Feedback Scheme for Congestion Avoidance in Computer Networks}},
    journal = {ACM Trans. on Comp. Sys.},
    month = May,
    year = 1990,
    volume = 8,
    number = 2,
    pages = {158--181},
}

@inproceedings{dccp,
    title={{Designing DCCP: Congestion control Without Reliability}},
    author="Kohler, E. and Handley, M. and Floyd, S.",
    booktitle={SIGCOMM},
    year={2006},
}

@article{allman-ccr-trace,
    author = "M. Allman",
    title = {{Comments on Bufferbloat}},
    journal = "{ACM SIGCOMM Computer Communication Review}",
    volume = 43,
    number = 1,
    month = jan,
    year = 2013,
}

@article{Bernstein2002,
    title = {{The Complexity of Decentralized Control of Markov Decision Processes}},
    author = "Daniel S. Bernstein and Robert Givan and Neil Immerman and Shlomo Zilberstein",
    journal = "{Mathematics of Operations Research}",
    volume = 27,
    number = 4,
    pages = {819--840},
    month = nov,
    year = 2002,
}


@inproceedings{Oliehoek2012,
    author = "Frans A. Oliehoek",
    title = {{Decentralized POMDPs}},
    booktitle = "{In Reinforcement Learning: State of the Art, Adaptation, Learning, and Optimization}",
    pages = {471--503},
    year = 2012,
}

@book{hofstadter1985metamagical,
    title={{Metamagical Themas: Questing for the Essence of Mind and Pattern}},
    author={Hofstadter, D.},
    year={1985},
    publisher={Basic books}
}

@article{octree,
    title={{Geometric Modeling Using Octree Encoding}},
    author="Meagher, Donald",
    journal="{Computer Graphics and Image Processing}",
    volume={19},
    number={2},
    pages={129--147},
    year={1982},
}

@INPROCEEDINGS{linkoverload,
    author={Iyer, S. and Bhattacharyya, Supratik and Taft, N. and Diot, C.},
    booktitle={INFOCOM},
    title={{An Approach to Alleviate Link Overload as Observed on an IP Backbone}},
    year={2003},
}

@article{sprintip,
    author = {Fraleigh, C. and Moon, S. and Lyles, B. and Cotton, C. and Khan, M. and Moll, D. and Rockell, R. and Seely, T. and Diot, S. C.},
    title = {{Packet-level Traffic Measurements from the Sprint IP Backbone}},
    journal = {Netwrk. Mag. of Global Internetwkg.},
    issue_date = {November 2003},
    volume = {17},
    number = {6},
    month = nov,
    year = {2003},
}

@inproceedings{nwksleep,
    author = {Nedevschi, Sergiu and Popa, Lucian and Iannaccone, Gianluca and Ratnasamy, Sylvia and Wetherall, David},
    title = {{Reducing Network Energy Consumption via Sleeping and Rate-adaptation}},
    booktitle = {NSDI},
    year = {2008},
}

@article{walrand,
    author = {Mo, Jeonghoon and Walrand, Jean},
    title = {{Fair End-to-end Window-based Congestion Control}},
    journal = {IEEE/ACM Trans. Netw.},
    issue_date = {Oct. 2000},
    volume = {8},
    number = {5},
    month = oct,
    year = {2000},
    issn = {1063-6692},
    pages = {556--567},
    numpages = {12},
    url = {http://dx.doi.org/10.1109/90.879343},
    doi = {10.1109/90.879343},
    acmid = {355156},
    publisher = {IEEE Press},
    address = {Piscataway, NJ, USA},
    keywords = {TCP, bandwidth sharing, congestion control, fairness, window},
}

@article{learnable,
    author = {Valiant, L. G.},
    title = {{A Theory of the Learnable}},
    journal = {CACM},
    volume = {27},
    number = {11},
    month = nov,
    year = {1984},
    pages = {1134--1142},
}

@article{schapire,
    title={{The Strength of Weak Learnability}},
    author={Schapire, Robert E},
    journal={Machine learning},
    volume={5},
    number={2},
    pages={197--227},
    year={1990},
}
@inproceedings{router-buffers,
    author = {Appenzeller, Guido and Keslassy, Isaac and McKeown, Nick},
    title = {{Sizing Router Buffers}},
    booktitle = {SIGCOMM},
    year = {2004},
}

@ARTICLE{MOSCC,
    author={Habachi, O. and Yusuo Hu and van der Schaar, M. and Hayel, Y. and Feng Wu},
    journal={Selected Areas in Communications, IEEE Journal on},
    title={{MOS-Based Congestion Control for Conversational Services in Wireless Environments}},
    year={2012},
    month={August},
    volume={30},
    number={7},
    pages={1225-1236},
    doi={10.1109/JSAC.2012.120808},
    ISSN={0733-8716},
}

@INPROCEEDINGS{edsallalizadeh,
    author={Alizadeh, M. and Edsall, T.},
    booktitle={High-Performance Interconnects (HOTI), 2013 IEEE 21st Annual Symposium on},
    title={{On the Data Path Performance of Leaf-Spine Datacenter Fabrics}},
    year={2013},
    month={Aug},
    pages={71-74},
    doi={10.1109/HOTI.2013.23},
}

@article{transitstub,
    title={{Modeling Internet Topology}},
    author={Calvert, Kenneth L and others},
    journal={IEEE C.M.},
    volume={35},
    number={6},
    pages={160--163},
    year={1997},
}

@article{fct-nandita,
    author = {Dukkipati, Nandita and McKeown, Nick},
    title = {{Why Flow-completion Time is the Right Metric for Congestion Control}},
    journal = {SIGCOMM Comput. Commun. Rev.},
    issue_date = {January 2006},
    volume = {36},
    number = {1},
    month = jan,
    year = {2006},
    issn = {0146-4833},
    pages = {59--62},
    numpages = {4},
    url = {http://doi.acm.org/10.1145/1111322.1111336},
    doi = {10.1145/1111322.1111336},
    acmid = {1111336},
    publisher = {ACM},
    address = {New York, NY, USA},
}

@inproceedings{maxmargin,
    author = {Boser, Bernhard E. and Guyon, Isabelle M. and Vapnik, Vladimir N.},
    title = {{A Training Algorithm for Optimal Margin Classifiers}},
    booktitle = {COLT},
    year = {1992},
}

@inproceedings {senic,
author = "Sivasankar Radhakrishnan and Yilong Geng and Vimalkumar Jeyakumar and Abdul Kabbani and George Porter and Amin Vahdat",
title = {{SENIC}: Scalable {NIC} for End-Host Rate Limiting},
booktitle = {NSDI},
year = {2014},
}

@inproceedings{netfpga-pacer,
title = {{High-performance implementation of in-network traffic pacing}},
author = {{Hanay, Y.S. and Dwaraki, A. and Wolf, T.}},
booktitle = {{High Performance Switching and Routing (HPSR)}},
year = {2011},
}

@inproceedings{b4,
 author = {Jain, Sushant and Kumar, Alok and Mandal, Subhasree and Ong, Joon and Poutievski, Leon and Singh, Arjun and Venkata, Subbaiah and Wanderer, Jim and Zhou, Junlan and Zhu, Min and Zolla, Jon and H\"{o}lzle, Urs and Stuart, Stephen and Vahdat, Amin},
 title = {{B4: Experience with a Globally-deployed Software Defined WAN}},
 booktitle = {SIGCOMM},
 year = 2013,
}

@inproceedings{timely,
    author = {Mittal, Radhika and Lam, Vinh The and Dukkipati, Nandita and Blem, Emily and Wassel, Hassan and Ghobadi, Monia and Vahdat, Amin and Wang, Yaogong and Wetherall, David and Zats, David},
    title = {{TIMELY: RTT-based Congestion Control for the Datacenter}},
    booktitle = {SIGCOMM},
    year = 2015,
}

@inproceedings{numfabric,
    author = {Nagaraj, Kanthi and Bharadia, Dinesh and Mao, Hongzi and Chinchali, Sandeep and Alizadeh, Mohammad and Katti, Sachin},
    title = {{NUMFabric: Fast and Flexible Bandwidth Allocation in Datacenters}},
    booktitle = {SIGCOMM},
    year = {2016},
}

@article{openflow,
    author = {McKeown, Nick and Anderson, Tom and Balakrishnan, Hari and Parulkar, Guru and Peterson, Larry and Rexford, Jennifer and Shenker, Scott and Turner, Jonathan},
    title = {{OpenFlow: Enabling Innovation in Campus Networks}},
    journal = {SIGCOMM CCR},
    issue_date = {April 2008},
    volume = {38},
    number = {2},
    month = mar,
    year = {2008},
}

@inproceedings {netbricks,
    author = {Aurojit Panda and Sangjin Han and Keon Jang and Melvin Walls and Sylvia Ratnasamy and Scott Shenker},
    title = {{NetBricks: Taking the V out of NFV}},
    booktitle = {OSDI},
    year = {2016},
}

@misc {intel-turboboost,
    title = {{Intel Turbo Boost}},
    howpublished = "\url{https://www.intel.com/content/www/us/en/architecture-and-technology/turbo-boost/turbo-boost-technology.html}",
}

@inproceedings{marple,
    author = {Srinivas Narayana and Anirudh Sivaraman and Vikram Nathan and Prateesh Goyal and Venkat Arun and Mohammad Alizadeh and Vimal Jeyakumar and Changhoon Kim},
    title = {{Language-directed Hardware Design for Network Performance Monitoring}},
    series = {SIGCOMM 2017},
}

@inproceedings {disaggregation,
    author = {Peter X. Gao and Akshay Narayan and Sagar Karandikar and Joao Carreira and Sangjin Han and Rachit Agarwal and Sylvia Ratnasamy and Scott Shenker},
    title = {{Network Requirements for Resource Disaggregation}},
    series = {OSDI 2016},
}

@inproceedings{domino,
    author = {Sivaraman, Anirudh and Cheung, Alvin and Budiu, Mihai and Kim, Changhoon and Alizadeh, Mohammad and Balakrishnan, Hari and Varghese, George and McKeown, Nick and Licking, Steve},
    title = {{Packet Transactions: High-Level Programming for Line-Rate Switches}},
    booktitle = {SIGCOMM},
    year = {2016},
}

@inproceedings{exokernel,
    author = "Engler, D. R. and Kaashoek, M. F. and O'Toole,Jr., J.",
    title = {{Exokernel: An Operating System Architecture for Application-level Resource Management}},
    booktitle = {SOSP},
    year = {1995},
}

@inproceedings{dune,
    author = {Belay, Adam and Bittau, Andrea and Mashtizadeh, Ali and Terei, David and Mazi\`{e}res, David and Kozyrakis, Christos},
    title = {{Dune: Safe User-level Access to Privileged CPU Features}},
    booktitle = {OSDI},
    year = {2012},
}

@inproceedings{netfpga,
    author = {Zilberman, Noa and Audzevich, Yury and Kalogeridou, Georgina and Manihatty-Bojan, Neelakandan and Zhang, Jingyun and Moore, Andrew},
    title = {{NetFPGA: Rapid Prototyping of Networking Devices in Open Source}},
    booktitle = {SIGCOMM},
    year = {2015},
}

@inproceedings{rc3,
    title={{Recursively Cautious Congestion Control}},
    author="Mittal, Radhika and Sherry, Justine and Ratnasamy, Sylvia and Shenker, Scott",
    booktitle={NSDI},
    year={2014}
}

@inproceedings{gentleaggression,
    title={{Reducing Web Latency: The Virtue of Gentle Aggression}},
    author="Flach, Tobias and Dukkipati, Nandita and Terzis, Andreas and Raghavan, Barath and Cardwell, Neal and Cheng, Yuchung and Jain, Ankur and Hao, Shuai and Katz-Bassett, Ethan and Govindan, Ramesh",
    booktitle = {SIGCOMM},
    year={2013},
}

@inproceedings{msft-ltl,
    title={{A Cloud-Scale Acceleration Architecture}},
    author="Adrian M. Caulfield  and  Eric S. Chung  and  Andrew Putnam  and  Hari Angepat  and  Jeremy Fowers  and  Michael Haselman  and  Stephen Heil  and  Matt Humphrey  and  Puneet Kaur  and  Joo-Young Kim  and  Daniel Lo  and  Todd Massengill  and  Kalin Ovtcharov  and  Michael Papamichael  and  Lisa Woods  and  Sitaram Lanka  and  Derek Chiou  and  Doug Burger",
    booktitle = {MICRO},
    year={2016},
}

@misc{hardware-timestamps-nic,
howpublished={\url{http://www.ntop.org/pf_ring/hardware-timestamps-with-pf_ring/}},
title = {{Using Hardware Timestamps with PF\_RING}},
year = {2011},
key = {ntop},
}

@inproceedings{msft-prognic,
    title={{VFP: A Virtual Switch Platform for Host SDN in the Public Cloud}},
    author={Daniel Firestone},
    booktitle={NSDI},
    year={2017},
}

@inproceedings{fastpass,
    title = {{Fastpass: A Centralized "Zero-queue" Datacenter Network}},
    author = {Perry, Jonathan and Ousterhout, Amy and Balakrishnan, Hari and Shah, Devavrat and Fugal, Hans},
    booktitle = {SIGCOMM},
    year = {2014},
}

@inproceedings{flowtune,
    title = {{Flowtune: Flowlet Control for Datacenter Networks}},
    author = {Jonathan Perry and Hari Balakrishnan and Devavrat Shah},
    booktitle={NSDI},
    year={2017},
}

@misc{lwn-stateless-offloads,
    title = {{Checksum Offloads and Protocol Ossification}},
    author = {Jonathan Corbet},
    howpublished = {\url{https://lwn.net/Articles/667059/}},
    year = {2015},
}

@misc{sampled-control,
title = {{Sampling and Sampled-Data Systems}},
author= {Jerome Le Ny},
howpublished = {\url{http://www.professeurs.polymtl.ca/jerome.le-ny/teaching/NECS_Spring11/notes/3_sampling/3_sampling.pdf}},
note = {[Online, Retrieved August 3, 2017]}
}


@inproceedings{qcn,
    author = {Alizadeh, Mohammad and Atikoglu, Berk and  Kabbani,Abdul and Lakshmikantha,Ashvin and Pan, Rong and Prabhakar, Balaji and Mick Seaman},
    title = {{Data Center Transport Mechanisms:Congestion Control Theory and IEEE Standardization}},
    booktitle = {Allerton Conference},
    year = {2008},
}

@inproceedings{synquid,
    author = {Nadia Polikarpova and Ivan Kuraj and Armando Solar-Lezama},
    title = {{Program Synthesis from Polymorphic Refinement Types}},
    booktitle = {PLDI},
    year = {2016},
}

@misc{xps,
title = {{Chelsio Traffic Classification and Filtering Solution Overview}},
howpublished={\url{https://www.chelsio.com/classification-and-filtering-solution/}},
note = {[Online, Retrieved August 2, 2017]},
author = {{Chelsio Communications}},
}

@inproceedings{slow-cc,
 author = {Bansal, Deepak and Balakrishnan, Hari and Floyd, Sally and Shenker, Scott},
 title = {Dynamic Behavior of Slowly-responsive Congestion Control Algorithms},
 booktitle = {SIGCOMM},
 year = {2001},
}

@inproceedings{aplomb,
  title="{{Making Middleboxes Someone Else’s Problem: Network Processing As a Cloud Service}}",
  author="Sherry, Justine and Hasan, Shadi and Scott, Colin and Krishnamurthy, Arvind and Ratnasamy, Sylvia and Sekar, Vyas",
  booktitle={SIGCOMM},
  year={2012},
}

@inproceedings{active-sharedbottlenecks,
  title = {{Detecting Shared Congestion of Flows Via End-to-End Measurement}},
  author = {Rubenstein, Dan and Kurose, Jim and Towsley, Don},
  booktitle = {SIGMETRICS},
  year = {2000},
}
@inproceedings{passive-sharedbottlenecks,
  title = {{A Passive Approach for Detecting Shared Bottlenecks}},
  author = {Katabi, Dina and Bazzi, Issam and Yang, Xiaowei},
  booktitle = {IEEE ICCCN},
  year = {2001},
}

@inproceedings{path-properties,
   author =       "Allman, Mark and Paxson, Vern",
   title =        "{On Estimating End-to-End Network Path Properties}",
   booktitle =    {SIGCOMM},
   year =         {1999},
}

@inproceedings{packet-dynamics,
   author =       "Paxson, Vern",
   title =        "{End-to-End Internet Packet Dynamics}",
   booktitle =    {SIGCOMM},
   year =         {1997},
}

@inproceedings{ccp-hotnets,
   author =       "Akshay Narayan and Frank Cangialosi and Prateesh Goyal and  Srinivas Narayana and Mohammad Alizadeh and Hari Balakrishnan",
   title =        "{The Case for Moving Congestion Control Out of the Datapath}",
   booktitle =    {HotNets},
   year =         {2017},
}

@inproceedings{arrakis2014,
 author = {Peter, Simon and Li, Jialin and Zhang, Irene and Ports, Dan R. K. and Woos, Doug and Krishnamurthy, Arvind and Anderson, Thomas and Roscoe, Timothy},
 title = "{Arrakis: The Operating System is the Control Plane}",
 booktitle = {OSDI},
 year = {2014},
}

@article{thekkath,
  title={Implementing network protocols at user level},
  author={Thekkath, Chandramohan A and Nguyen, Thu D and Moy, Evelyn and Lazowska, Edward D},
  journal={IEEE/ACM Transactions on Networking (TON)},
  volume={1},
  number={5},
  pages={554--565},
  year={1993},
  publisher={IEEE Press}
}

@inproceedings{ip-traceback,
  title={{Practical Network Support for IP Traceback}},
  author={{Savage, Stefan and Wetherall, David and Karlin, Anna and Anderson, Tom}},
  booktitle={SIGCOMM},
  year={2000},
}

@inproceedings{akamai-cdn-trace,
 title = {{AdaptSize: Orchestrating the Hot Object Memory Cache in a Content Delivery Network}},
 author = {Berger, Daniel and Sitaraman, Ramesh and Harchol-Balter, Mor},
 booktitle={NSDI},
 year=2017,
}

@inproceedings{heavy-hitters,
 author = "Sivaraman, Vibhaalakshmi and Narayana, Srinivas and Rottenstreich, Ori and Muthukrishnan, S and Rexford, Jennifer",
 title = {{Heavy-Hitter Detection Entirely in the Data Plane}},
 booktitle = {SOSR},
 year = 2017,
}

@inproceedings{structuredstreams,
 author = {Ford, Bryan},
 title = "{Structured Streams: A New Transport Abstraction}",
 booktitle = {SIGCOMM},
 year = {2007},
}

@article{nimbus-arxiv,
 author = {Goyal, Prateesh and Narayan, Akshay and Cangialosi, Frank and Raghavan, Deepti. and
     Narayana, Srinivas and Alizadeh, Mohammad and Balakrishnan, Hari},
 title = "{Elasticity Detection: A Building Block for Delay-Sensitive Congestion Control}",
 journal = {ArXiv e-prints},
 archivePrefix = "arXiv",
 eprint = {1802.08730},
 primaryClass = "cs.NI",
 keywords = {Computer Science - Networking and Internet Architecture},
 year = 2018,
 month = feb,
}

@misc{tcpbpf,
author = {Brakmo, Lawrence},
title = {{TCP-BPF: Programmatically tuning TCP behavior through BPF}},
howpublished = {https://www.netdevconf.org/2.2/papers/brakmo-tcpbpf-talk.pdf}
}

@inproceedings{nacl,
title	= {{Native Client: A Sandbox for Portable, Untrusted x86 Native Code}},
author	= {Bennet Yee and David Sehr and Greg Dardyk and Brad Chen and Robert Muth and Tavis Ormandy and Shiki Okasaka and Neha Narula and Nicholas Fullagar},
year	= {2009},
booktitle	= {IEEE Symposium on Security and Privacy},
}

@inproceedings{bgi,
 author = {Castro, Miguel and Costa, Manuel and Martin, Jean-Philippe and Peinado, Marcus and Akritidis, Periklis and Donnelly, Austin and Barham, Paul and Black, Richard},
 title = {{Fast Byte-Granularity Software Fault Isolation}},
 booktitle = {{SOSP}},
 year = {2009},
} 

@inproceedings{fivecomps,
  title={Rethinking Networking for Five Computers},
  author={Renganathan, Sundararajan and Padmanabhan, Venkata N and Nambi, Akshay Uttama},
  booktitle={Proceedings of the 17th ACM Workshop on Hot Topics in Networks},
  pages={92--98},
  year={2018},
  organization={ACM}
}

@misc{diffserv,
  title = {{An Architecture for Differentiated Services}},
  author = {{S. Blake and D. Black and M. Carlson and E. Davies and Z. Wang and W. Weiss}},
  howpublished = {{RFC 2475}},
  year = {1998}
}

@inproceedings{fifoplus,
 author = {Clark, David D. and Shenker, Scott and Zhang, Lixia},
 title = {{Supporting Real-time Applications in an Integrated Services Packet Network: Architecture and Mechanism}},
 booktitle = {SIGCOMM},
 year = {1992},
} 

@inproceedings{virtualClocks,
 author = {Zhang, L.},
 title = {{Virtual Clock: A New Traffic Control Algorithm for Packet Switching Networks}},
 booktitle = {SIGCOMM},
 year = {1990},
} 

@article{csfq,
 author = {Stoica, Ion and Shenker, Scott and Zhang, Hui},
 title = {{Core-stateless Fair Queueing: A Scalable Architecture to Approximate Fair Bandwidth Allocations in High-speed Networks}},
 journal = {IEEE/ACM Trans. Netw.},
 year = {2003},
} 

@inproceedings{drr,
 author = {Shreedhar, M. and Varghese, George},
 title = {Efficient Fair Queueing Using Deficit Round Robin},
 booktitle = {SIGCOMM},
 year = {1995},
} 

@inproceedings{pifo,
 author = {Sivaraman, Anirudh and Subramanian, Suvinay and Alizadeh, Mohammad and Chole, Sharad and Chuang, Shang-Tse and Agrawal, Anurag and Balakrishnan, Hari and Edsall, Tom and Katti, Sachin and McKeown, Nick},
 title = {{Programmable Packet Scheduling at Line Rate}},
 booktitle = {SIGCOMM},
 year = {2016},
} 

@misc{cisco-qos,
    title = {{Catalyst 4500 Series Switch SW Configuration Guide, Release IOS-XE 3.2.xSG}},
    howpublished = {\url{https://www.cisco.com/c/en/us/td/docs/switches/lan/catalyst4500/12-2/3-1-1SG/configuration/guide/config/qos.html}},
}

@misc{att-qos,
    author = {AT\&T},
    title = {{Which VPN? Applications for IPsec and MPLS}},
    howpublished = {\url{https://www.business.att.com/content/dam/attbusiness/briefs/vpn-applications-product-brief.pdf}},
    year = {2016}
}

@inproceedings {ups,
author = {Radhika Mittal and Rachit Agarwal and Sylvia Ratnasamy and Scott Shenker},
title = {Universal Packet Scheduling},
booktitle = {13th {USENIX} Symposium on Networked Systems Design and Implementation ({NSDI} 16)},
year = {2016},
}

@techreport{ipoptions,
    author = {Rodrigo Fonseca and George Porter and Randy H. Katz and Scott Shenker and Ion Stoica},
    title = {{IP options are not an option}},
    institution = {UC Berkeley},
    year = {2005}
}

@inproceedings{mboxbadness,
 author = {Honda, Michio and Nishida, Yoshifumi and Raiciu, Costin and Greenhalgh, Adam and Handley, Mark and Tokuda, Hideyuki},
 title = {{Is It Still Possible to Extend TCP?}},
 booktitle = {IMC},
 year = {2011},
} 

@misc{labovitz,
    author = {Craig Labovitz},
    title = {{Internet Inter-Domain Traffic}},
    howpublished = {\url{https://conferences.sigcomm.org/sigcomm/2010/slides/S3Labovitz.pdf}},
    year = {2010}
}

@inproceedings{isp-throttle-1,
    author = {Li, Fangfan and Niaki, Arian Akhavan and Choffnes, David and Gill, Phillipa and Mislove, Alan},
    title = {{A Large-Scale Analysis of Deployed Traffic Differentiation Practices}},
    booktitle = {SIGCOMM},
    year = {2019},
}

@misc{isp-throttle-2,
    author = {Caroline Craig},
    title = {{ISPs do throttle traffic -- and the FCC can't stop it}},
    howpublished = {\url{https://www.infoworld.com/article/2940538/internet/isps-do-throttle-traffic-and-the-fcc-cant-stop-it.html}},
    year = {2015}
}

@misc{isp-throttle-3,
    author = {PureVPN},
    title = {{ISP Bandwidth Throttling Explained}},
    howpublished = {\url{https://www.purevpn.com/blog/isp-bandwidth-throttling-explained/}},
    year = {2017}
}

@inproceedings{ardelean,
  title={{Remote Active Queue Management}},
  author={Ardelean, Dan and Blanton, Ethan and Martynov, Maxim},
  booktitle={International Workshop on Network and Operating Systems Support for Digital Audio and Video},
  year={2008}
}

@inproceedings{scamper,
  title={{Scamper: A Scalable and Extensible Packet Prober for Active Measurement of the Internet}},
  author={Luckie, Matthew},
  booktitle={IMC},
  year={2010}
}

@inproceedings{rackcc,
author = {Zhuo, Danyang and Zhang, Qiao and Liu, Vincent and Krishnamurthy, Arvind and Anderson, Thomas},
title = {{Rack-Level Congestion Control}},
year = {2016},
booktitle = {HotNets},
}

@article{bottleneck-of-china,
    author = {Zhu, Pengxiong and Man, Keyu and Wang, Zhongjie and Qian, Zhiyun and Ensafi, Roya and Halderman, J. Alex and Duan, Haixin},
    title = {Characterizing Transnational Internet Performance and the Great Bottleneck of China},
    year = {2020},
    issue_date = {March 2020},
    volume = {4},
    number = {1},
    doi = {10.1145/3379479},
    journal = {Proc. ACM Measurement and Analalysis of Computer Systems},
    month = may,
    articleno = {13},
}

@inproceedings{blameit,
    author = {Jin, Yuchen and Renganathan, Sundararajan and Ananthanarayanan, Ganesh and Jiang, Junchen and Padmanabhan, Venkata N. and Schroder, Manuel and Calder, Matt and Krishnamurthy, Arvind},
    title = {Zooming in on Wide-Area Latencies to a Global Cloud Provider},
    year = {2019},
    booktitle = {SIGCOMM},
    doi = {10.1145/3341302.3342073},
}

@misc{mlab-tr,
    title={ISP interconnection and its impact on consumer Internet performance-a measurement lab consortium technical report},
    author={M-Lab Research Team and others},
    year={2014},
    howpublished = {\url{https://www.measurementlab.net/publications/isp-interconnection-impact.pdf}},
}

@article{killer-microseconds,
author = {{Barroso, Luiz and Marty, Mike and Patterson, David and Ranganathan, Parthasarathy}},
title = {{Attack of the Killer Microseconds}},
year = {2017},
issue_date = {April 2017},
volume = {60},
number = {4},
url = {https://doi.org/10.1145/3015146},
journal = {CACM},
month = {mar},
pages = {48–54},
}

@inproceedings{bertha,
    author =       "Akshay Narayan and Aurojit Panda and Mohammad Alizadeh and Hari Balakrishnan and Arvind Krishnamurthy and Scott Shenker",
    title =        {{Bertha: Tunneling through the Network API}},
    series = {HotNets},
    year =         {2020},
}

@phdthesis{akshayn-ms-thesis,
author={Narayan, Akshay},
title={The Design and Implementation of a Congestion Control Plane},
school={MIT},
year={2014},
note={S.M. Thesis. \url{https://hdl.handle.net/1721.1/121739}}
}

@inproceedings{bundler,
author = {Cangialosi*, Frank and Akshay Narayan* and Prateesh Goyal and Radhika Mittal and Mohammad Alizadeh and Hari Balakrishnan},
title = {{Site-to-Site Internet Traffic Control}},
year = {2021},
series = {EuroSys}
}

@inproceedings{park,
    author = {Mao, Hongzi and Parimarjan Negi and Akshay Narayan and Hanrui Wang and Jiacheng Yang and Haonan Wang and Ryan Marcus and Ravichandra Addanki and Mehrdad Khani Shirkoohi and Songtao He and Vikram Nathan and Frank Cangialosi and Shaileshh Venkatakrishnan and Wei-Hung Weng and Song Han and Tim Kraska and Mohammad Alizadeh},
    title = {{Park: An Open Platform for Learning-Augmented Computer Systems}},
    year = {2019},
    booktitle = {NeurIPS},
}
